2792 4409
96 197 104 260 a..
86 57 103 162 --Ι

100 3565 121 3948 *uu-um-
104 3487 119 3532 -a-

1298 260 1374 319 ⁴5

290 434 492 497 venio.
600 432 739 509 Ipse
815 433 981 488 certe
1044 443 1120 486 ne
1182 442 1306 486 uno
1375 423 1619 501 quidem
1692 422 1828 486 loco
1891 418 2194 497 suspicari
2263 434 2377 478 nos

290 547 452 628 sinit,
511 543 837 606 Corinnam
883 557 918 600 e
961 538 1140 598 domo
1194 535 1449 614 Augusti
1500 535 1707 598 fuisse.
1798 533 2117 613 Praeterea,
2164 530 2280 589 hoc
2324 528 2376 588 si

296 659 674 736 probaretur,
720 652 867 729 qnid
912 650 1025 711 sibi
1072 648 1292 710 vellent
1335 646 1518 707 verba
1565 645 1662 706 illa
1705 661 1901 722 nuper
1944 642 2153 704 allata:

458 769 578 829 Cur
620 764 844 841 aliquid
890 762 1034 844 vidi,
1083 777 1191 821 our
1233 758 1420 819 tristia
1465 757 1688 818 lumina
1735 750 1895 816 feci?

460 880 584 941 Cur
626 874 993 954 imprudenti
1040 871 1279 950 cognita
1326 869 1506 947 culpa
1553 863 1740 929 mihi?

462 991 655 1052 Inscia
704 988 863 1065 quod
910 986 1138 1047 crimen
1186 983 1466 1046 viderunt
1508 981 1757 1062 lumina,
1803 981 2036 1059 plector
2077 973 2236 1040 etc.‘l

302 1104 511 1179 Neque
560 1101 633 1164 iis
678 1074 1003 1170 assentior,x
1051 1096 1174 1180 qui,
1224 1095 1384 1173 quod
1430 1092 1684 1154 Ovidius
1728 1092 1994 1154 Actaeoni
2043 1091 2266 1152 infelici
2311 1107 2382 1151 se

309 1219 615 1291 comparet
640 1210 728 1295 ⁶),
795 1209 1022 1272 Liviam
1089 1207 1436 1286 putaverint
1491 1205 1541 1266 ei
1598 1205 1896 1268 lavantem
1964 1204 2158 1265 visam
2218 1220 2378 1265 esse.

310 1322 624 1397 Quomodo·
675 1323 869 1404 enim,
917 1321 967 1381 si
1023 1322 1139 1382 hoc
1191 1336 1403 1381 verum
1460 1324 1643 1398 esset,
1699 1301 1943 1399 eulpam
1995 1315 2109 1376 sibi
2153 1316 2386 1376 diceret

307 1434 667 1513 imprudenti
713 1426 1058 1511 cognitam?

468 1545 664 1608 Unum
719 1544 944 1627 inveni,
1004 1544 1146 1605 clar.
1210 1540 1831 1626 Villenavium7),
1889 1542 2209 1603 ostendere
2263 1558 2382 1602 co-

305 1664 572 1739 nantem,
616 1664 877 1740 poetam,
924 1673 1108 1733 quum
1156 1655 1393 1717 turbida
1441 1654 1717 1731 quiedam
1766 1653 2015 1715 consilia
2051 1654 2384 1737 moliretur,

307 1768 363 1828 in
410 1767 615 1832 odium
670 1767 858 1828 Liviae
899 1767 1188 1830 incidisse
1232 1784 1426 1845 eaque
1470 1765 1793 1845 instigante
1836 1766 1911 1826 ab
1956 1767 2227 1844 Augusto
2272 1784 2385 1827 re-
2434 1812 2445 1822 .

308 1880 570 1957 legatum
618 1897 778 1942 esse.
866 1878 1151 1942 Ovidium
1196 1878 1354 1942 enim
1410 1884 1601 1960 putat,
1660 1878 1864 1938 favore
1913 1877 2083 1939 Juliae
2132 1875 2389 1955 iunioris

307 1991 628 2073 fruentem,
674 1989 1027 2068 participem
1074 1990 1262 2053 fuisse
1318 1989 1739 2073 consiliorum,
1799 1989 2021 2068 quibus
2074 1987 2173 2067 jus
2216 1989 2387 2068 regni

308 2101 736 2166 hereditarium
783 2120 813 2161 a
860 2102 1098 2164 Tiberio
1157 2101 1231 2164 ad
1288 2100 1616 2179 Agrippam
1673 2101 2059 2185 Postumum,
2116 2101 2388 2163 exsulem

309 2214 551 2278 fratrem
595 2213 789 2296 Juliae,
834 2215 1163 2276 transferre
1207 2213 1444 2277 vellent.
1522 2212 1885 2295 Augustum,
1932 2213 2161 2274 artibus
2204 2212 2389 2274 Liviae

313 2324 622 2406 irretitum,
678 2333 956 2390 coactum
1017 2343 1176 2409 esse,
1234 2332 1301 2386 ut
1352 2343 1470 2386 non
1523 2323 1738 2386 Juliam
1797 2322 1991 2386 solum
2047 2332 2105 2386 et
2157 2326 2390 2404 Agrip-

313 2452 478 2518 pam,
524 2437 629 2501 sed
674 2438 907 2502 amicos
948 2437 1124 2500 etiam
1172 2454 1380 2498 eorum
1429 2436 1614 2497 atroci
1660 2454 1852 2515 poena
1900 2438 2185 2499 afficeret.
2262 2439 2392 2499 Hoc

313 2563 628 2631 conamen,
696 2556 839 2627 post
897 2564 1128 2625 paucos
1193 2564 1386 2610 annos
1451 2549 1799 2631 repetitum,
1865 2556 1922 2609 et
1982 2548 2270 2628 Agrippae
2332 2558 2394 2611 et

312 2659 453 2720 Fab.
507 2660 787 2744 Maximo,
841 2660 1112 2722 familiari
1172 2659 1393 2742 Ovidii,
1442 2660 1698 2722 fortasse
1740 2659 1856 2737 ipsi
1910 2661 2181 2739 Augusto
2235 2677 2392 2740 per-

313 2768 487 2834 niciei
563 2771 751 2834 fuisse
776 2769 852 2854 ⁸).
973 2772 1182 2834 Visum
1248 2770 1425 2855 illud,
1503 2788 1623 2850 quo
1689 2789 1756 2833 se
1832 2770 2085 2850 periisse
2163 2772 2393 2836 dictitet

308 2888 510 2963 poeta,
564 2882 808 2960 intelligi
863 2883 1376 2946 concertationem
1445 2883 1765 2946 violentam
1820 2884 1974 2945 inter
2026 2884 2392 2967 Augustum,

314 2991 541 3056 Liviam
593 3002 652 3054 et
710 2993 1016 3056 Tiberium
1072 2983 1187 3060 otc.
1296 2996 1440 3058 naec
1492 2996 1715 3077 omnia,
1771 2998 1980 3074 specie
2032 2996 2394 3077 probabilia,

310 3101 473 3166 haud
538 3102 595 3166 in
653 3121 872 3184 magno
929 3106 1206 3182 equidem
1264 3123 1484 3185 ponam
1545 3107 1914 3174 discrimine.
2012 3107 2185 3181 Quod
2232 3105 2391 3168 Ovi-

313 3212 452 3276 dius
508 3214 638 3291 ipse
692 3217 769 3276 de
821 3217 937 3282 hae
992 3233 1058 3278 re
1112 3216 1307 3280 attulit
1364 3217 1524 3282 nullo
1569 3219 1746 3282 modo
1791 3221 1870 3280 ed
1910 3220 2088 3282 talem
2134 3224 2400 3279 senten-

314 3323 449 3388 tiam
497 3327 979 3392 confirmandam
1024 3327 1198 3389 valet.
1257 3330 1549 3392 Praeterea
1597 3345 1793 3404 neque
1836 3346 1910 3390 ex
1953 3329 2152 3390 Ovidii
2197 3346 2394 3408 neque

309 3451 381 3498 ex
434 3436 687 3502 aliorum
750 3438 997 3517 scriptis
1051 3439 1379 3516 quidquam
1434 3439 1739 3524 reperies,
1809 3457 1883 3500 ex
1937 3456 2058 3516 quo
2114 3441 2396 3521 colligere

302 3547 536 3631 possis,
596 3565 733 3618 eum
801 3552 986 3614 rebus
1046 3550 1341 3615 novandis
1409 3565 1697 3628 umquam
1754 3560 2118 3630 occupatum
2181 3554 2391 3620 fuisse.

303 3655 590 3724 Animum
650 3659 782 3738 ejus
841 3663 918 3722 ab
962 3662 1056 3724 his
1100 3662 1331 3724 artibus
1375 3664 1527 3726 adeo
1572 3663 1833 3726 alienum
1881 3665 2068 3726 fuisse
2112 3673 2280 3748 puto,
2327 3674 2397 3728 ut

304 3768 529 3832 nemini
578 3788 870 3833 novarum
918 3788 1117 3832 rerum
1178 3774 1399 3849 cupido
1444 3775 1502 3836 in
1549 3781 1811 3836 mentem
1859 3777 2090 3838 venerit
2131 3794 2267 3840 eum
2315 3778 2394 3840 ad

301 3881 654 3940 societatem
703 3882 937 3942 consilii
986 3880 1332 3961 adjungere.

440 4017 489 4080 ⁶)
528 4020 560 4071 2
581 4020 731 4073 Trici.
774 4022 888 4073 405.
965 4022 1012 4084 ⁷)
1032 4021 1091 4073 In
1118 4022 1277 4073 libro:
1316 4024 1412 4075 Vie
1445 4020 1682 4075 d‘ovide.
1754 4020 1812 4085 ⁸)
1827 4021 1942 4078 vid.
1980 4023 2102 4078 Taess-
2133 4025 2248 4078 Anu
2274 4024 2310 4075 1:
2339 4026 2390 4076 5.
