2792 4409
1389 183 1428 241 8

371 349 736 409 henderetur
781 366 814 407 a
859 338 1053 428 patre,
1111 348 1211 424 qui
1258 364 1396 410 eum
1444 348 1520 408 ab
1565 346 1752 407 inutili
1801 346 1999 407 studio
2044 363 2308 408 avocare
2351 363 2462 406 cu·
2504 355 2509 359 ’

370 459 594 541 piabat,
642 460 826 519 verba
873 458 1142 519 scribere
1187 459 1525 520 conabatur
1569 458 1765 519 modis
1809 457 2026 541 soluta,
2072 458 2177 518 sed

539 569 768 647 Sponte
813 585 924 629 sua
973 586 1219 630 carmen
1264 587 1554 631 numeros
1598 569 1880 632 veniebat
1924 570 1997 630 ad
2044 579 2239 655 aptoS,

537 682 611 741 Et
654 682 813 757 quod
862 682 1169 743 tentabam
1217 682 1490 743 scribere
1536 699 1751 742 versus
1796 688 1927 743 erat
1950 682 2027 764 θ).

370 795 626 875 Interea,
693 800 1013 871 postquam
1083 794 1359 873 ephebus
1425 795 1621 853 factus
1686 800 1799 874 est,
1858 802 2203 872 sumpserat
2261 802 2461 873 togam

370 906 623 966 liberam
681 922 732 965 S.
789 906 1020 966 virilem
1050 904 1130 981 ⁶).
1216 906 1390 977 Quod
1438 905 1496 965 d.
1544 906 1704 966 XVII
1748 912 1885 966 ante
1932 906 2055 967 Cal.
2101 906 2286 984 April.
2335 907 2463 968 fieri

374 1018 608 1079 solebat
631 1016 704 1091 ⁷).
811 1018 873 1077 Id
942 1016 1161 1077 mirum
1216 1016 1416 1076 visum
1471 1024 1583 1098 est,
1641 1017 1798 1093 quod
1847 1017 1883 1077 l.
1930 1017 1969 1078 l.
2012 1018 2146 1097 ipse
2201 998 2461 1101 tradidit,

373 1145 441 1188 se
506 1128 683 1187 etiam
751 1127 1026 1187 induisse
1089 1144 1422 1206 purpuram
1481 1144 1620 1188 cum
1679 1129 1794 1188 lato
1842 1129 2014 1190 clavo
2049 1129 2127 1203 ⁸).
2218 1130 2467 1190 Constat

373 1240 556 1321 enim,
624 1257 751 1322 eoS,
811 1239 912 1316 qui
967 1238 1250 1299 senatorii
1306 1247 1513 1299 essent
1569 1240 1820 1320 ordiniS,
1868 1239 2029 1301 solos
2075 1241 2460 1325 laticlaviam,

377 1352 610 1429 equites
656 1357 853 1411 autem
900 1349 1400 1427 angusticlaviam
1448 1359 1741 1429 gestasse.
1840 1351 2089 1412 Videtur
2131 1359 2354 1427 tamen,
2404 1360 2467 1413 ut

376 1471 540 1525 recte
596 1462 802 1524 docuit
867 1461 1399 1547 Massonius9),
1470 1480 1635 1540 saepe
1688 1462 1982 1523 laticlavia
2038 1464 2111 1525 iis
2168 1481 2461 1526 concessa
2523 1513 2526 1516 1

377 1576 588 1654 fuisse,
646 1572 746 1650 qui
792 1574 1045 1635 honesto
1091 1573 1221 1636 loco
1268 1574 1377 1635 orti
1425 1573 1773 1652 dignitatem
1834 1575 2198 1637 senatoriam
2242 1593 2464 1654 spera-

377 1693 529 1748 rent.
616 1686 790 1757 Quod
839 1703 871 1745 e
914 1702 1098 1748 versu
1141 1685 1238 1746 illo
1283 1687 1464 1747 etiam
1511 1683 1727 1762 conjici
1771 1694 2000 1764 potest:

605 1796 784 1858 Curia
828 1797 1135 1879 vestab3t3
1185 1797 1336 1857 clavi
1383 1813 1667 1858 mensura
1715 1805 1925 1858 coacta
1972 1806 2064 1859 est
2097 1798 2165 1876 1).

377 1911 487 1976 Hic
533 1910 692 1969 enim
740 1909 1011 1970 indicare
1055 1916 1200 1987 puto
1239 1910 1565 1990 Nasonem,
1605 1925 1672 1968 se
1707 1908 1891 1969 latum
1925 1909 2161 1970 clavum
2197 1910 2255 1970 in
2295 1927 2467 1988 spem

382 2023 687 2101 dignitatis
753 2020 1074 2081 senatoriae
1138 2020 1512 2096 aliquamdiu
1577 2027 1886 2103 gestasse,
1945 2021 2090 2104 sed,
2144 2030 2468 2100 postquam

383 2152 556 2214 spem
603 2133 760 2193 illam
807 2132 1123 2216 dimiserit,
1172 2133 1554 2211 deposuisse.

544 2249 610 2308 In
668 2243 1032 2305 rhetoricam
1092 2252 1150 2303 et
1199 2242 1298 2320 jus
1353 2243 1530 2303 civile
1582 2242 1744 2303 haud
1800 2261 1989 2323 parvo
2044 2243 2242 2306 studio
2311 2245 2469 2305 Ovi-

385 2358 548 2419 dium
616 2365 904 2436 putamus
967 2355 1341 2415 incubuisse.
1449 2357 1593 2415 Haec
1658 2354 1760 2432 qui
1826 2355 2166 2437 discebant,
2230 2355 2469 2416 rhetore

385 2470 670 2550 quodam,
729 2467 804 2527 ad
871 2484 1053 2543 quem
1121 2482 1219 2527 se‘
1253 2462 1726 2547 applicaverant,
1796 2466 2084 2545 magistro
2148 2466 2469 2527 declama—

382 2580 650 2642 tionibus
715 2580 1179 2662 exercebantur,
1247 2596 1385 2655 quae
1448 2578 1527 2640 ita
1581 2577 1828 2662 fiebant,
1887 2587 1954 2639 ut
2008 2579 2083 2638 de
2137 2577 2470 2654 quaestione

382 2692 689 2772 proposita
757 2690 956 2751 subito
1021 2697 1199 2767 atque
1262 2689 1538 2767 imparati
1606 2689 1898 2772 dicerent,
1964 2690 2022 2750 in
2079 2708 2151 2752 eo
2209 2690 2469 2750 maxime

383 2805 784 2886 elaborantes,
828 2811 894 2863 ut
939 2803 1012 2863 ad
1060 2803 1288 2864 minuta
1330 2803 1478 2863 artis
1521 2811 1826 2880 praecepta
1872 2803 2058 2862 oratio
2104 2817 2466 2861 accommo-

384 2916 625 2976 daretur
681 2931 755 2975 ac
809 2914 1019 2992 figuris
1072 2915 1567 2990 ornamentisque
1622 2913 1768 2975 varii
1826 2914 2065 2991 generis
2122 2911 2469 2990 distingue—

384 3035 584 3088 retur.
672 3028 823 3098 Quae
888 3025 1360 3087 declamationes
1427 3025 1636 3103 quales
1702 3023 1940 3107 fuerint,
1997 3025 2046 3085 si
2104 3023 2239 3101 quis
2294 3022 2469 3085 altius

384 3139 552 3218 cupit
592 3138 979 3220 investigare,
1014 3154 1152 3197 eum
1192 3138 1266 3197 ad
1302 3140 1375 3199 Μ.
1415 3138 1707 3197 Annaeum
1749 3138 2046 3197 Senecam
2083 3135 2464 3215 potissimum

385 3251 755 3329 delegamus.
801 3248 903 3309 Ille
947 3248 1106 3309 enim
1151 3249 1332 3309 homo
1378 3248 1693 3310 acerrimae
1736 3247 2044 3309 memoriae
2076 3265 2212 3325 quae
2246 3246 2470 3308 audie-
2538 3326 2542 3330 .

384 3371 477 3423 rat
532 3362 682 3422 adeo
739 3360 929 3438 probe
983 3360 1290 3442 servabat,
1344 3369 1411 3421 ut
1464 3359 1940 3437 unumquodque
1995 3377 2172 3438 paene
2215 3359 2470 3419 verbum

385 3473 636 3534 reddere
705 3480 930 3551 posset.
1040 3475 1247 3550 Itaque
1313 3473 1627 3551 diligenter
1693 3473 2039 3555 exponens,
2108 3471 2330 3549 quibus
2397 3470 2472 3530 de

523 3760 575 3822 ⁶)
615 3758 647 3810 4-
683 3759 832 3811 Trist.
877 3759 940 3810 X:
991 3760 1212 3811 ⁴7—26.
1329 3758 1382 3823 ⁶)
1420 3758 1451 3810 4
1490 3759 1639 3810 Trist.
1686 3759 1750 3810 X:
1798 3760 1883 3825 27,
1932 3760 2021 3811 28.
2128 3758 2179 3822 ⁷)
2219 3756 2357 3809 Fast.
2393 3756 2473 3807 111:

388 3850 482 3901 77⁴
529 3859 646 3912 sqq.
753 3847 802 3911 ⁸)
840 3845 1039 3898 hTrist.
1077 3846 1141 3897 X:
1180 3847 1263 3898 29.
1373 3846 1418 3908 ⁹)
1457 3846 1570 3898 vid.
1607 3860 1727 3898 ann.
1765 3845 2069 3898 DCCXXVI.
2181 3843 2232 3908 ¹)
2274 3843 2477 3895 AETrist.
2551 3852 2556 3857 ·

382 3935 447 3986 X:
486 3936 570 3987 35.
