2792 4409
1461 229 1538 287 34

998 391 1101 473 ris,
1160 390 1563 452 medicamina
1612 393 1786 454 faciei
1833 394 2141 479 (fragm),
2191 396 2569 460 Halieutioon

996 502 1301 582 (fragm),
1347 502 1490 563 Ibis.

1349 698 1392 762 Ι.
1484 698 1671 775 upton.

534 833 580 893 l.
627 830 1212 916 Metamorphoaeon
1255 831 1404 895 libri
1448 832 1609 896 XV.

616 945 788 1005 Nulla
845 947 971 1005 fere
1026 963 1179 1023 gens
1231 943 1456 1028 mythis
1521 945 1746 1027 caruit,
1806 954 1866 1006 et
1918 954 1986 1005 ut
2050 965 2314 1025 quaeque
2378 968 2568 1012 acer-

452 1057 602 1117 rima
664 1057 772 1116 fuit
824 1058 883 1115 in
943 1058 1250 1139 fingendO,
1299 1057 1377 1117 ita
1426 1057 1775 1134 mythorum
1822 1057 1997 1135 eopia
2047 1060 2313 1121 maxime
2358 1062 2567 1123 abun-

453 1167 637 1228 davit.
726 1168 797 1226 Et
840 1175 906 1226 ut
950 1168 1147 1250 pueri,
1194 1168 1255 1226 in
1303 1167 1529 1243 quibus
1576 1183 1816 1226 summa
1862 1175 1956 1226 est
1999 1168 2279 1231 celeritas
2325 1172 2567 1253 mentiS‚

452 1278 512 1337 in
558 1279 699 1338 ficto
746 1296 913 1355 saepe
959 1279 1186 1338 mundo
1232 1277 1449 1338 ineolis
1497 1279 1880 1355 frequentato
1927 1288 2268 1363 versantur,
2315 1282 2407 1341 sie
2441 1299 2570 1359 po·-

453 1387 578 1465 puli
638 1388 842 1471 etiam,
898 1389 999 1464 qui
1060 1396 1238 1450 aetate
1289 1389 1464 1465 quasi
1522 1389 1738 1466 puerili
1785 1390 2028 1468 generis
2075 1390 2315 1450 humani
2362 1392 2564 1451 exsti-

452 1505 676 1581 terunt,
735 1499 789 1558 vi
848 1507 1082 1561 naturae
1138 1500 1396 1579 permoti
1455 1499 1828 1577 imaginibus
1872 1519 1947 1561 ex
1990 1501 2122 1580 ipsa
2171 1501 2565 1579 contempla-
2651 1564 2658 1570 ,

449 1611 643 1671 tione·
681 1611 840 1671 natis
907 1611 1228 1689 opiniones
1293 1628 1440 1671 suas
1507 1611 1852 1689 exprimere
1889 1683 1890 1688 γ
1931 1612 2132 1673 eonati
2201 1621 2361 1673 sunt.
2475 1611 2567 1672 Ac

452 1738 643 1798 quum
700 1728 817 1782 tota
878 1722 937 1781 in
993 1729 1229 1803 natura,
1289 1722 1346 1781 in
1393 1724 1542 1804 sole,
1592 1723 1649 1782 in
1698 1734 1882 1807 terra,
1928 1724 1987 1784 in
2033 1723 2257 1805 fluviiS,
2304 1722 2364 1782 in
2411 1723 2565 1782 her-

453 1832 583 1914 bis,
665 1832 723 1891 in
793 1832 1159 1892 animalibus
1225 1833 1387 1893 vires
1456 1833 1636 1894 modo
1704 1835 2046 1895 horrendas
2113 1835 2294 1895 modo
2362 1836 2568 1895 hene-

453 1942 604 2002 ficas
650 1942 1246 2024 animadvertissent,
1303 1943 1440 2004 haee
1485 1944 1713 2027 omnia,
1762 1945 1820 2004 in
1868 1945 2094 2021 quibus
2138 1945 2328 2005 divini
2375 1946 2567 2021 quid-

452 2054 591 2113 dam
660 2054 865 2114 inesse
931 2053 1246 2135 putabant,
1304 2055 1588 2132 religiose
1643 2049 2113 2116 venerabantur.
2212 2057 2317 2118 Sic
2374 2056 2565 2135 mythi

452 2165 630 2225 etiam
701 2164 1066 2241 multiplices
1134 2166 1210 2224 de
1275 2165 1392 2225 diis
1460 2174 1640 2242 atque
1707 2167 2084 2248 hominihus,
2153 2167 2570 2227 animantibus

450 2283 633 2351 atque
677 2275 962 2335 inanimis
1007 2276 1382 2335 oriebantur.
1473 2279 1754 2354 Magnam
1799 2277 2006 2336 talium
2055 2276 2397 2338 fabularum
2446 2294 2566 2336 co·-

446 2385 614 2463 piam
673 2401 747 2445 ex
804 2384 1073 2467 Oriente,
1131 2385 1434 2463 imprimis
1479 2404 1553 2445 ex
1596 2387 1904 2465 AEgyptiis
1946 2394 2008 2446 et
2051 2387 2356 2447 nonnullis
2406 2404 2569 2464 gen-

448 2493 610 2553 tibus
653 2493 963 2576 Asiaticis,
1010 2495 1069 2554 in
1118 2495 1420 2557 Graeciam
1466 2513 1608 2556 esse
1650 2495 2028 2577 translatam,
2078 2496 2214 2571 quis
2265 2504 2379 2578 est,
2420 2495 2566 2571 quin

449 2598 694 2664 videat?
762 2605 958 2665 Graeci
1021 2613 1248 2689 autom,
1298 2623 1415 2682 qua
1463 2614 1633 2667 erant
1681 2606 1979 2668 acerrima
2024 2606 2083 2665 vi
2130 2606 2353 2685 ingenii
2402 2606 2565 2664 sub-

449 2713 654 2790 tilique
701 2731 888 2775 sensu
929 2713 1164 2799 judicii,
1213 2723 1272 2776 et
1316 2717 1501 2777 multa
1548 2733 1704 2776 nova
1753 2715 2060 2776 finxerunt
2096 2724 2157 2776 et
2180 2716 2565 2776 extrinsecus

448 2831 684 2901 arrepta
733 2826 808 2885 ad
855 2843 1032 2886 suum
1083 2843 1315 2888 morem
1362 2827 1566 2887 omnia
1612 2827 2253 2887 aecommodaverunt.

614 2936 936 3017 Campum,
995 2956 1178 3014 quem
1235 2937 1558 3014 opiniones
1619 2937 1782 3013 vulgi
1836 2934 2198 3013 jampridem
2246 2930 2565 3008 posseden-

447 3052 603 3126 rant,
671 3045 1013 3123 philosophi
1084 3047 1327 3106 tandem
1399 3053 1459 3104 et
1521 3054 1721 3122 poetae
1785 3045 1902 3107 sibi
1964 3058 2380 3121 assumpsere.
2475 3042 2560 3106 Illi

445 3173 629 3232 quum
680 3156 737 3215 in
789 3156 973 3217 variis
1020 3154 1465 3233 quaestionibus
1511 3163 1928 3237 versarentur,
1973 3154 2140 3214 unde
2180 3153 2258 3213 sit
2302 3152 2562 3235 coelum,

443 3267 607 3336 unde
656 3284 844 3348 mare,
893 3267 1055 3327 unde
1099 3275 1282 3348 terra,
1330 3265 1495 3325 unde
1541 3265 1767 3346 omnia,
1816 3281 1953 3339 quie
1997 3264 2055 3322 in
2094 3264 2167 3323 iis
2206 3262 2347 3342 sint,
2377 3279 2558 3339 mag-

444 3395 589 3437 num
647 3379 723 3440 ad
785 3378 1027 3455 mythos
1087 3377 1458 3438 excolendos
1519 3374 1936 3452 adjumentum
1980 3373 2340 3433 afferebant.
2433 3372 2561 3453 Sic,

440 3498 508 3548 ut
552 3489 830 3566 exemplo
875 3496 1034 3569 utar,
1082 3495 1371 3563 quantam
1419 3486 1731 3546 materiem
1778 3483 2025 3560 mythos
2067 3483 2339 3561 fingendi
2384 3500 2559 3560 prae-

445 3597 626 3658 bebat
681 3598 953 3658 doctrina
1011 3597 1107 3656 illa
1168 3613 1200 3655 a
1258 3594 1669 3675 philosophis,
1741 3592 2045 3670 imprimis
2107 3592 2558 3675 PythagoraeiS,

442 3708 743 3786 explicata
824 3709 900 3766 de
966 3703 1613 3784 metempsychosi
1684 3720 1732 3763 s.
1802 3703 2177 3787 animorum,
2247 3720 2384 3780 quae
2450 3721 2562 3781 per

443 3825 698 3880 mortem
754 3818 880 3898 fiat,
938 3833 972 3874 e
1028 3832 1286 3892 corpore
1342 3816 1401 3875 in
1463 3831 1691 3892 corpus
1746 3812 2124 3889 migratione.
2212 3813 2365 3876 Huic
2410 3814 2562 3874 fini-

438 3929 606 4008 tima,
655 3927 865 4003 speeie
911 3935 1112 3986 tamen
1162 3923 1488 4006 disjuncta,
1535 3930 1631 3984 est
1674 3926 2324 4002 metamorphosis
2368 3942 2569 3986 ssu-
