2792 4409
1364 392 1463 454 Vl.

531 507 737 570 Latine
781 503 1094 566 scribendi
1140 504 1634 580 exercitationem
1671 502 1731 562 in
1770 501 1999 563 scholis
2033 519 2255 580 magno
2291 521 2477 583 opere

364 636 594 682 censeo
658 633 800 677 esse
864 614 1270 698 retinendam,
1338 632 1462 675 non
1533 612 1696 689 quod
1767 611 2025 673 facultas
2083 611 2182 673 illa
2236 631 2347 693 per
2410 631 2479 674 se

361 737 573 792 nostra
631 733 807 789 aetate
860 724 1065 802 magni
1125 724 1406 785 facienda
1461 723 1561 804 sit,
1607 723 1716 783 sed
1763 724 1903 800 q‘uia
1948 724 2080 800 ipsa
2127 722 2479 784 exercitatio

363 839 597 918 optima
660 854 734 898 ac
801 842 999 914 prope
1061 835 1189 895 sola
1246 841 1339 893 est
1394 832 1493 893 via
1538 833 1618 893 ad
1660 833 1930 911 linguam
1975 832 2219 909 penitus
2261 836 2479 911 perci—

362 949 679 1028 piendam.
775 944 1194 1018 Quamobrem
1239 960 1275 1005 a
1319 943 1529 1020 pueris
1583 961 1704 1003 non
1762 941 2199 1019 requirendum
2254 951 2378 1026 est,
2415 953 2483 1006 ut

363 1059 728 1120 Ciceronem
781 1062 842 1117 et
898 1056 1208 1117 Caesarem
1260 1052 1555 1114 imitando
1611 1051 1978 1135 exprimant,
2034 1054 2148 1113 sed
2198 1061 2266 1114 ut
2306 1072 2481 1133 prae-

365 1167 564 1245 ceptis
629 1165 1051 1245 grammaticae
1111 1163 1575 1241 lexicorumque
1654 1163 2092 1224 convenienter
2153 1169 2342 1242 atque
2402 1167 2481 1227 ad

364 1295 469 1338 res
513 1274 825 1353 subjectas
869 1282 1012 1352 apte
1054 1274 1350 1335 scribant.
1424 1276 1591 1335 Bene
1631 1274 1844 1335 Reisi
1860 1274 2064 1351 gius:
2113 1273 2262 1335 ”Die
2305 1277 2485 1337 Walil

360 1389 478 1449 der
523 1389 768 1449 Wo'rter
796 1386 890 1446 'ist
935 1384 1105 1445 nicht
1147 1390 1348 1444 zuerst
1390 1384 1552 1446 nach
1597 1386 1738 1445 dem
1781 1384 2057 1445 Zeitalter
2104 1400 2175 1445 zu
2216 1385 2483 1446 bestim—

369 1515 545 1579 men,
584 1496 848 1557 sondern
895 1496 1055 1556 nach
1102 1493 1432 1574 Begriffen‚
1474 1494 1740 1556 numlich
1775 1501 1953 1554 unter
1987 1493 2489 1574 Voraussetzung

366 1608 539 1670 ei'nes
583 1606 880 1686 richtigen
927 1604 1447 1684 grammatischen
1493 1604 1858 1684 (ἶφι-3395]

1359 1797 1487 1858 Vll.

535 1937 666 1997 Hoc
732 1934 913 1996 nobis
980 1952 1147 1996 curae
1213 1951 1356 1996 esse
1418 1934 1626 2017 debet,
1692 1942 1760 1995 ut
1811 1935 1985 2013 pueri
2041 1938 2377 1999 assuefiant
2430 1946 2491 1999 et

369 2047 705 2124 prudenter
750 2045 1021 2123 cogitare
1064 2053 1125 2105 et
1169 2046 1432 2124 cogitata
1478 2046 1636 2106 bene
1680 2046 1902 2124 eloqui.
1965 2048 2128 2108 Vera
2172 2056 2268 2109 est
2309 2056 2489 2109 vetus

372 2156 470 2215 illa
514 2155 844 2217 sententia:
891 2156 1159 2217 obscure
1203 2155 1436 2216 dictum
1472 2163 1566 2216 est
1589 2157 1854 2218 obscure
1879 2158 2231 2236 cogitatum.
2281 2162 2486 2232 Quare

369 2267 414 2325 ii
461 2266 732 2344 magistri
778 2266 1248 2344 non-probandi
1294 2272 1459 2338 sunt,
1502 2266 1629 2349 qui,
1677 2267 1859 2328 modo
1905 2284 2206 2345 responsa
2250 2284 2490 2344 puero-

371 2394 508 2439 rum
554 2394 684 2439 rem
732 2378 1184 2455 quodammodo
1230 2383 1587 2455 perceptam
1631 2377 1923 2461 indicent,
1986 2395 2202 2457 parum
2259 2379 2488 2439 referre

372 2487 767 2570 arbitrentur,
821 2495 1026 2548 utrum
1080 2487 1270 2548 verba
1329 2487 1511 2548 etiam
1567 2494 1708 2565 apta
1766 2487 1888 2549 sint
1938 2496 2000 2549 et
2052 2489 2209 2550 inter
2252 2506 2322 2550 se
2366 2506 2488 2550 co-

374 2598 702 2682 haerentia,
750 2615 971 2660 necne.
1055 2600 1267 2676 Neque
1312 2600 1623 2660 mediocre
1668 2596 2088 2675 adjumentum
2146 2606 2207 2659 et
2259 2599 2336 2659 ad
2376 2596 2490 2676 ju-

374 2708 708 2770 dicandum
756 2716 817 2770 et
859 2710 937 2770 ad
995 2709 1404 2786 eloquendum
1461 2710 1957 2771 adolescentibus
2013 2708 2240 2770 nostris
2293 2707 2490 2770 affer-

375 2825 567 2901 retur,
635 2820 688 2880 si
754 2819 914 2880 duce
980 2820 1271 2897 magistro
1341 2820 1814 2881 exercitationes
1871 2820 2116 2881 dicendi
2170 2821 2490 2882 haberen—

375 2937 496 3012 tur,
564 2929 789 3006 quibus
853 2929 952 2990 vel
1016 2929 1221 3008 lingua
1285 2929 1618 2990 vernacula
1680 2929 1778 2990 vel
1842 2930 2167 3008 peregrina
2224 2932 2489 3007 quadam

379 3045 622 3099 utentes
688 3041 766 3101 de
829 3040 1020 3101 rebus
1073 3038 1405 3119 propositis
1460 3038 1694 3101 ratione
1750 3046 1812 3101 et
1863 3040 1959 3101 via
2016 3041 2172 3102 inter
2227 3058 2296 3102 se
2351 3040 2492 3101 dis-

377 3156 676 3211 sererent.

1359 3342 1514 3403 Vlll.

546 3482 935 3557 Quamquam
1002 3480 1078 3540 ab
1144 3479 1218 3541 iis
1279 3479 1676 3541 vehementer
1745 3478 2063 3565 dissentiO,
2127 3483 2228 3560 qui
2283 3487 2494 3563 pueris

378 3587 571 3649 velint
625 3588 829 3649 omnia
888 3590 1043 3651 adeo
1100 3589 1298 3651 facilia
1355 3591 1552 3674 reddi,
1613 3597 1681 3651 ut
1732 3590 1867 3668 ipse
1909 3591 2082 3653 labor
2125 3593 2228 3653 vix
2271 3594 2492 3673 sejun-

378 3705 557 3776 gatur
605 3717 641 3760 a
685 3699 851 3780 ludo,
917 3701 1036 3760 hoc
1101 3707 1308 3761 tamen
1374 3701 1694 3779 diligenter
1760 3703 2104 3764 cavendum
2171 3721 2312 3766 esse
2383 3725 2494 3769 ar·-

376 3809 591 3889 bitror,
651 3827 728 3869 ne
774 3804 937 3882 justo
996 3809 1180 3869 nimia
1236 3812 1314 3871 ab
1368 3812 1443 3872 iis
1500 3810 1840 3894 exigantur,
1900 3813 2068 3875 unde
2106 3815 2231 3897 fiat,
2280 3823 2348 3876 ut
2391 3818 2497 3877 vi-

378 3917 551 3979 ribus
617 3935 832 3978 eorum
902 3928 961 3980 et
1025 3920 1301 3996 corporis
1356 3930 1416 3982 et
1470 3921 1653 3983 animi
1711 3929 2022 3983 noceatur.
2126 3926 2302 3996 Quod
2347 3934 2494 3987 tunc
