2792 4409
1407 235 1444 302 6

377 415 494 462 non
539 405 701 460 tanta
747 398 1192 476 opportunitate
1234 398 1326 460 usi
1363 416 1504 462 esse
1538 416 1719 476 quam
1758 399 1976 483 Graeci,
2015 407 2275 462 attamen
2304 418 2464 464 con·-

380 510 692 590 cedamu5‚
730 509 860 572 illos
895 509 1075 572 etiam
1101 509 1160 570 in
1188 528 1259 570 eo
1283 511 1431 574 satis
1458 527 1675 588 magna
1710 510 2088 592 praestitisse.
2133 514 2205 576 Et
2230 513 2277 576 si
2303 521 2468 576 recte

379 629 664 700 putantur
709 629 906 700 poetae
947 621 1201 684 Romani
1257 622 1437 705 epici,
1502 639 1688 699 quum
1746 622 2084 700 cognitione
2141 622 2472 688 litterarum

380 735 731 798 Graecarum
786 732 1150 796 ornatissimi
1209 743 1437 816 essent,
1497 733 1680 796 multa
1736 751 1770 793 a
1828 734 2057 798 Graecis
2102 736 2468 818 sumpsisse,

381 864 497 907 non
557 845 785 908 idcirco
841 845 913 906 iis
968 846 1354 927 assentimur,
1415 846 1466 906 si
1508 847 1609 922 qui
1655 854 1820 929 sunt,
1864 847 1965 923 qui
2008 846 2140 914 illos
2185 862 2304 910 non
2348 846 2463 908 nisi

377 958 710 1022 imitatores
768 958 954 1018 fuisse
1011 957 1358 1020 deffendant.
1458 959 1610 1020 Nam
1655 967 1713 1018 et
1757 976 1849 1041 ea,
1895 975 2035 1035 quae
2071 959 2150 1022 ad
2195 958 2466 1037 ipsorum

380 1069 689 1138 historiam
749 1070 1070 1152 pertinent,
1129 1070 1382 1132 libenter
1438 1077 1818 1151 enarrarunt,
1876 1077 1934 1130 et
1977 1086 2114 1145 quae
2158 1088 2189 1131 a
2236 1071 2470 1134 Graecis

381 1183 714 1264 petierunt,
781 1180 1096 1242 tractando
1163 1196 1272 1240 sua
1340 1179 1734 1242 reddiderunt
1796 1180 1872 1242 ad
1938 1198 2203 1262 suosque
2269 1199 2472 1246 mores

300 1303 303 1308 ’
382 1293 874 1360 accomodarum.
980 1294 1128 1375 Hoc,
1197 1292 1357 1368 quod
1424 1292 1500 1351 de
1554 1292 1744 1370 epicis
1798 1291 2081 1374 diximus,
2139 1293 2297 1356 idem
2346 1295 2472 1355 fere

386 1407 460 1472 ad
516 1402 736 1490 lyricos
791 1404 1118 1470 transferre
1171 1420 1522 1481 possumus,
1623 1406 1818 1480 Atque
1875 1411 1939 1466 ut
1991 1405 2145 1483 epici
2191 1407 2469 1490 Romani,

383 1517 645 1594 Vergilio
701 1508 945 1578 forsitan
1005 1524 1281 1598 excepte,
1337 1523 1502 1576 recte
1558 1517 1841 1578 dicuntur
1886 1534 2006 1580 non
2051 1517 2251 1594 ipsum
2297 1535 2470 1601 epesi,

384 1629 493 1692 sed
550 1626 971 1690 narrationem
1024 1625 1256 1709 epicam
1311 1635 1630 1709 tractasse,
1677 1628 1789 1710 sic,
1838 1627 1885 1690 si
1935 1645 2120 1688 unum
2165 1629 2472 1692 Horatium

385 1740 700 1818 exceperis
715 1785 733 1822 ,
803 1740 903 1800 vix
968 1756 1332 1816 quemquam
1396 1747 1635 1817 poetam
1699 1739 1992 1821 lyricum,
2060 1740 2161 1815 qui
2227 1740 2474 1818 proprio

388 1853 632 1922 nomine
696 1851 936 1932 dicitur,
1005 1852 1161 1929 apud
1218 1854 1526 1915 Romanos
1580 1851 1873 1914 invenieS.
1973 1853 2093 1916 Sed
2148 1852 2205 1911 in
2265 1848 2472 1934 ele9ia‚

388 1981 525 2040 quae
589 1972 679 2023 est
744 1970 847 2023 aut
907 1963 1054 2040 lyrae
1107 1961 1356 2028 finitima
1414 1970 1517 2024 aut
1570 1981 1714 2041 pars
1771 1963 1913 2026 huic
1967 1961 2263 2047 subjecta,
2308 1961 2470 2026 haud

389 2074 569 2154 pauci
616 2075 1022 2157 elaborarunt,
1065 2073 1221 2140 inter
1259 2091 1414 2150 quos
1446 2075 1734 2157 CatulluS,
1774 2076 2066 2156 TibulluS,
2102 2076 2470 2158 PropertiuS,

393 2186 647 2250 Ovidius
693 2188 952 2252 maxime
995 2186 1425 2248 excelluerunt.
1527 2186 1590 2248 Si
1634 2194 1834 2248 autem
1877 2186 1936 2250 in
1985 2187 2152 2264 poesi
2198 2188 2368 2266 epica
2416 2195 2475 2250 et

392 2298 580 2375 lyrica
645 2300 891 2361 Graecos
958 2289 1209 2362 Romani
1268 2316 1385 2360 non
1441 2305 1778 2390 aequarunt,
1840 2299 1897 2358 in
1954 2297 2257 2364 didactica
2310 2308 2473 2362 certe

396 2410 740 2490 magistros,
801 2411 929 2476 sive
974 2413 1223 2473 Graecos
1267 2410 1399 2474 sive
1451 2409 1890 2476 Alexandrinos
1944 2411 2241 2494 nominee,
2299 2412 2474 2490 longe

395 2529 777 2600 superarunt.
897 2524 958 2586 ln
994 2540 1177 2605 qua,
1246 2529 1566 2599 postquam
1625 2523 1936 2586 Lucretius
1989 2524 2149 2584 viam
2205 2525 2474 2608 aperuit,

395 2634 693 2713 Vergilius
758 2642 936 2712 atque
1001 2635 1253 2696 Ovidius
1311 2650 1591 2711 magnam
1647 2634 1885 2696 laudem
1943 2634 2255 2700 consecuti
2310 2642 2471 2702 sunt.

392 2748 627 2810 Novum
682 2747 861 2808 etiam
914 2763 1108 2823 genus
1164 2781 1240 2800 ——r
1299 2755 1575 2810 saturam
1635 2745 1770 2808 dico
1825 2784 1904 2796 --
1960 2764 1991 2808 a
2037 2746 2325 2808 Romanis
2369 2747 2474 2808 in-

395 2865 663 2922 ventum.
764 2860 891 2920 Huc
951 2857 1189 2922 accedit
1233 2858 1495 2934 denique
1542 2853 1791 2940 epistola
1820 2855 2066 2938 poetica
2110 2856 2185 2916 ab
2233 2856 2471 2920 Horatio

394 2976 452 3032 et
496 2968 708 3030 Ovidio
755 2969 1002 3032 feliciter
1044 2977 1317 3034 tractata.
2243 3035 2246 3040 ,

557 3082 852 3144 Praeterea
919 3080 993 3140 de
1059 3090 1235 3144 aetate
1297 3082 1635 3159 loquentes,
1706 3079 1764 3138 in
1834 3097 2016 3156 quam
2079 3078 2288 3142 incidit
2354 3079 2475 3140 vita

395 3192 614 3275 Ovidii,
676 3191 853 3262 multa
899 3192 1115 3256 afferre
1156 3210 1479 3271 possemus
1525 3192 1600 3252 de
1645 3192 1920 3254 moribus
1960 3190 2176 3269 lepidis
2220 3198 2280 3250 at
2325 3207 2473 3251 cor·-

393 3304 610 3387 ruptis,
667 3304 769 3380 qui
824 3303 880 3363 in
939 3305 1138 3368 locum
1195 3304 1457 3382 antiquae
1509 3304 1663 3370 illius
1709 3303 2107 3382 simplicitatis
2150 3304 2474 3380 integrita-

393 3416 590 3491 tisque-
638 3412 757 3494 jam
816 3425 1262 3480 successerant.
1364 3417 1515 3490 Quae
1568 3422 1791 3498 tamen,
1848 3433 2034 3491 quum
2091 3425 2146 3475 et
2192 3416 2478 3478 omnibus

396 3527 631 3605 cognita
691 3526 809 3587 sint
863 3535 921 3587 et
965 3546 997 3588 a
1042 3527 1351 3606 proposito
1411 3535 1615 3590 nostro
1670 3527 2013 3608 remotiora,
2061 3528 2472 3604 relinquamus

395 3648 452 3702 et
495 3640 567 3700 ad
612 3639 809 3717 ipsam
853 3638 1033 3700 vitam
1078 3639 1337 3704 Nasonis
1381 3640 1782 3704 enarrandam
1829 3640 2165 3702 veniamus,

562 3749 946 3812 Novissimus
1010 3750 1188 3828 igitur
1252 3751 1407 3811 inter
1462 3752 1657 3816 claros
1714 3759 1924 3828 poetas
1976 3752 2168 3814 aetatis
2219 3749 2473 3831 Augusti

400 3861 621 3922 exstitit
666 3860 779 3941 ille,
827 3860 901 3920 de
947 3879 1065 3938 quo
1111 3863 1367 3944 agimuS,
1417 3865 1477 3923 P.
1528 3862 1782 3923 Ovidius
1826 3864 2005 3923 Naso.
2072 3864 2181 3924 Hic
2226 3872 2284 3924 et
2318 3882 2477 3943 pas—

398 3973 511 4033 sim
557 3972 613 4032 in
663 3973 904 4051 scriptis
951 3973 1024 4031 de
1068 3991 1135 4033 se
1178 3973 1311 4051 ipso
1358 3974 1540 4035 multa
1584 3973 1893 4042 memoriae
1936 3974 2179 4044 tradidit
2219 3983 2279 4038 et
2315 3993 2475 4037 con-
