2792 4409
1287 263 1360 324 ⁴3

285 444 416 488 rum
472 433 673 489 tamen
717 428 777 488 in
822 415 1298 512 possessionem,
1360 444 1548 504 quum
1592 434 1874 507 parentes
1915 427 2019 489 diu
2063 427 2356 511 viverent,

286 540 453 601 brevi
492 547 629 601 ante
664 540 1087 619 relegationem
1113 538 1432 601 successit.
1477 540 1752 600 Habebat
1773 540 1949 601 etiam
1976 540 2360 601 suburbanos

287 650 513 734 hortos,
568 652 629 712 in
688 653 911 729 quibus
965 650 1231 713 colendis
1275 667 1489 730 magna
1538 668 1674 711 cum
1721 651 2114 715 delectatione
2156 668 2356 713 occu-

286 770 458 841 patus
505 764 741 826 videtur
787 764 973 825 fuisse
1000 762 1072 840 ⁶).

446 876 551 937 Sic
613 894 799 954 quum
871 876 1212 955 complures
1275 892 1469 936 annos
1536 892 1751 954 magna
1818 877 1875 937 in
1937 876 2358 955 tranquillitate

283 994 460 1065 atque
514 990 837 1050 securitate
890 988 1161 1072 vixisset,
1225 987 1381 1049 nulla
1426 1005 1491 1048 re
1535 1004 1771 1071 carenS,
1817 1006 1955 1066 quae
1998 990 2071 1051 ad
2122 990 2359 1052 beatam

284 1078 461 1160 vitam
519 1101 855 1180 degendam
919 1100 1260 1163 necessaria
1308 1100 1585 1183 babetur,
1629 1100 1830 1162 subito
1874 1100 1932 1162 in
1979 1100 2198 1163 malum
2248 1102 2355 1161 in·-

287 1210 429 1271 cidit
471 1210 683 1296 majuS‚
730 1230 913 1291 quam
957 1213 1119 1290 quod
1162 1229 1447 1289 umquam
1492 1213 1789 1292 suspicari
1833 1215 2146 1292 potuisset.
2203 1214 2357 1275 Nam

284 1322 359 1383 ab
412 1325 679 1403 Augusto
735 1327 923 1386 Roma
977 1324 1275 1402 relegatus
1330 1326 1573 1406 Tomoe,
1632 1342 1770 1401 quae
1800 1311 1950 1386 ‘erat
2002 1326 2152 1387 urbs
2193 1326 2354 1405 apud

283 1437 533 1497 Pontum
597 1438 898 1498 Euxinum
966 1437 1101 1519 sita,
1169 1436 1392 1498 missus
1458 1443 1570 1497 est.
1677 1435 1862 1514 Cujus
1926 1438 2010 1498 rei
2075 1438 2357 1500 omnibus

285 1548 541 1626 cognitae
602 1567 738 1627 quae
802 1549 1022 1609 fuerint
1086 1564 1311 1632 causae,
1368 1549 1427 1608 id
1483 1550 1638 1610 haud
1699 1549 1872 1611 facile
1925 1559 2017 1612 est
2063 1548 2356 1630 judicare.

284 1660 539 1721 Ovidius
593 1678 776 1738 quum
829 1661 960 1739 ipse
1014 1662 1270 1724 affirmet
1310 1660 1514 1721 domui
1556 1661 1809 1740 Augusti
1856 1679 2099 1741 semper
2141 1682 2208 1726 se
2251 1666 2354 1725 fa·-

279 1772 444 1833 visse
469 1770 523 1850 ⁶)
581 1781 759 1851 atque
816 1781 1017 1835 mente
1072 1771 1203 1850 ejus
1258 1773 1445 1835 fuisse
1497 1774 1831 1856 proprium,
1887 1775 2048 1843 hinc,
2076 1775 2352 1859 efficitur,

281 1891 344 1945 ut
388 1902 506 1945 non
551 1885 880 1947 inveterata
925 1886 1034 1967 ira,
1085 1886 1190 1946 sed
1229 1902 1445 1946 recens
1481 1886 1781 1947 Caesarem
1820 1886 1894 1948 ad
1917 1895 2140 1949 tantam
2167 1905 2353 1950 acer-

279 1996 526 2057 bitatem
584 1997 952 2076 compulerit.
1060 1997 1179 2059 Sed
1234 1996 1553 2058 molestum
1610 2006 1723 2083 est,
1778 2000 1938 2075 quod
1984 2017 2180 2078 neque
2221 2000 2356 2079 ipse

281 2125 475 2186 neque
531 2109 792 2186 aequales
846 2109 988 2171 certi
1048 2109 1333 2186 quiddam
1386 2111 1504 2170 hac
1556 2111 1632 2171 de
1684 2128 1749 2170 re
1806 2112 2146 2174 attulerunt.
2231 2112 2390 2175 Nos.

277 2220 499 2305 itaque,
566 2238 749 2298 quum
818 2240 935 2283 non
1003 2223 1335 2286 audeamus
1397 2222 1626 2284 incerta
1694 2238 1803 2299 pro
1865 2224 2047 2285 certis
2100 2241 2351 2312 ponere,

283 2333 503 2415 omnia,
547 2349 684 2410 quae
725 2335 799 2394 ad
843 2335 1002 2396 hanc
1047 2332 1438 2412 quaestionem
1476 2332 1797 2417 pertinent,
1838 2343 2119 2398 accurate
2151 2355 2350 2417 expo-

284 2462 528 2528 nemus;
572 2445 711 2506 inde
756 2446 975 2525 cuique
1019 2448 1178 2525 quod
1223 2446 1349 2507 veri
1384 2444 1751 2508 simillimum
1798 2447 2096 2510 videbitur
2119 2450 2351 2529 depro-

281 2576 442 2620 mere
486 2557 703 2619 licebit,

442 2670 695 2731 Ovidius
769 2668 945 2748 igitur
1008 2687 1195 2747 quum
1269 2671 1485 2732 doceat
1551 2670 1904 2732 criminibus
1981 2671 2220 2734 duobus
2283 2691 2353 2735 se

277 2782 579 2860 perditum
638 2798 798 2864 esse,
853 2782 1120 2845 carmine
1171 2789 1229 2843 et
1280 2804 1485 2846 errore
1506 2783 1597 2866 ⁷),
1654 2799 1898 2844 carmen
1953 2783 2112 2844 haud
2168 2784 2351 2848 dubie

278 2894 548 2972 intelligit
610 2894 796 2956 libros
859 2893 1200 2958 amatorios.
1304 2895 1367 2954 ln
1436 2895 1530 2955 his
1596 2894 1755 2955 enim
1807 2894 1991 2956 multa
2045 2895 2350 2974 impudice

276 3011 456 3082 atque
510 3007 777 3067 obscene
829 3006 988 3068 dicta
1032 3022 1190 3090 esse,
1254 3005 1390 3082 quis
1435 3013 1528 3066 est
1570 3007 1668 3082 qui
1725 3002 1949 3086 neget?
2011 3007 2350 3086 Augustum

275 3123 503 3198 autem,
570 3113 740 3194 cujus
808 3126 1073 3180 ceterum
1129 3117 1465 3180 castitatem
1520 3118 1658 3180 vitae
1713 3135 1830 3180 non
1878 3119 2057 3181 nimis
2099 3118 2350 3181 laudare

273 3244 625 3311 possumne,
681 3246 773 3313 se,
825 3245 1012 3307 quum
1066 3227 1268 3290 senior
1323 3230 1522 3289 factus
1574 3237 1757 3313 esset,
1814 3217 2158 3307 diligentem
2205 3247 2348 3291 mo-

278 3356 410 3400 rum
467 3339 782 3402 custodem
838 3339 1193 3420 praestitisse
1247 3346 1427 3416 atque
1471 3339 1545 3399 ad
1589 3338 1900 3400 libidinem
1944 3343 2347 3405 coercendam

277 3451 443 3529 leges
468 3450 523 3531 8)
602 3452 869 3514 edendas
937 3451 1281 3534 curavisse,
1361 3449 1508 3511 satis
1573 3449 1818 3526 quidem
1883 3457 2137 3513 constat.
2245 3454 2349 3516 Sic

279 3563 497 3624 Ovidio
554 3564 733 3625 etiam
790 3564 1026 3625 crimini
1070 3563 1253 3647 dedit,
1300 3564 1463 3640 quod
1507 3562 1732 3624 lascivo
1778 3561 2084 3623 scribendi
2128 3580 2351 3642 genere

414 3772 465 3837 ⁵)
506 3775 527 3822 ⁴
572 3772 666 3838 Ep.
712 3771 834 3823 vul:
885 3771 950 3824 43
994 3786 1112 3839 sqq.
1219 3772 1269 3835 ⁶)
1311 3774 1332 3821 ⁴
1378 3773 1529 3825 Trist.
1576 3772 1634 3823 11:
1686 3772 1814 3836 ⁴⁰⁴3
1865 3770 1922 3822 V:
1971 3769 2068 3837 4⁴3
2119 3772 2151 3823 2
2199 3772 2350 3824 Trist.

268 3862 493 3912 tit-mee.
582 3859 680 3913 Cfr.
720 3861 752 3909 2
790 3859 939 3912 Trist.
977 3862 1062 3927 89,
1098 3861 1182 3913 90.
1306 3860 1352 3924 ⁷)
1388 3860 1421 3911 Ξ
1458 3859 1606 3911 Trist.
1642 3860 1760 3911 207.
1850 3857 1902 3923 ⁸)
1937 3858 2127 3924 Legem
2161 3858 2351 3912 Juliam

270 3949 338 4001 de
391 3947 654 4000 adulteriis
712 3949 765 3998 et
814 3948 1025 4015 Papiam
1078 3948 1363 4014 Poppaeam
1416 3948 1483 3999 de
1534 3946 1833 4000 maritandis
1887 3945 2171 4001 ordinibus·
2248 3946 2348 4001 Cir.

266 4034 486 4088 Sueten.
523 4035 650 4099 Aug.
683 4031 858 4102 LXIX,
894 4034 1067 4092 LXXI.
