2792 4409
1404 225 1483 283 30

387 392 492 452 ubi
557 390 947 452 Theocritum
1010 390 1259 451 imitans
1313 390 1390 449 de
1443 388 1768 450 virtutibus
1824 390 2090 451 Galateae
2149 391 2508 468 loquentem

391 502 721 579 Cyclopem
761 500 1015 560 induxit.
1064 501 1188 562 Sed
1224 517 1414 578 quum
1450 500 1810 560 Theocritus
1834 500 2102 561 breviter
2123 502 2259 563 haec
2284 504 2512 566 habet:

467 608 573 675 ’ΞΩ
616 604 817 675 λευκοὶ
870 601 1236 687 Γαλάτεια,
1279 608 1348 674 τί
1387 603 1513 674 «τόν
1556 604 1847 694 φιλέοντ’
1891 604 2261 700 ἀποβάλλῃ

468 721 858 804 Λευκοτέρα
903 718 1171 793 naumis·
1212 719 1538 801 ποτιδεῖν,
1586 716 1976 804 ἁπαλωτέρα
2024 714 2315 808 δ’ὸῖρψός,
2360 729 2367 734 ’

399 859 433 864 ··
474 823 734 918 Μόσχῳ
778 830 1173 918 γαυροτέρα,
1222 830 1597 916 φιαρωτέρα
1643 829 1956 917 ὄμφακος
2001 826 2212 913 (fistule,

387 943 552 1020 apud
612 943 899 1003 Ovidium
960 951 1202 1026 contra,
1265 961 1385 1020 quo
1444 950 1573 1003 erat
1623 943 1981 1004 lasciviente
2035 943 2312 1027 iugario,
2379 947 2509 1005 tri—

391 1053 554 1129 ginta
609 1054 762 1113 tales
821 1053 1334 1135 comparationeS,
1382 1054 1606 1130 quibus
1647 1054 1849 1131 palma
1897 1052 2162 1113 Galateae
2206 1054 2504 1138 defertur,

392 1162 535 1223 facit
588 1163 1019 1240 Polyphemus,
1121 1165 1274 1224 Huic
1322 1165 1533 1224 confer
1578 1163 1845 1223 fabulam
1889 1164 1967 1222 de
2013 1164 2173 1223 fame
2213 1164 2504 1224 Erisich-

389 1273 550 1333 tonis
591 1273 832 1333 Metam.
880 1273 1028 1334 VIII:
1076 1273 1425 1335 823—878.
1504 1274 1794 1350 Argutias
1836 1272 2132 1350 lususque
2174 1274 2506 1333 verborum

391 1398 559 1459 saepe
604 1389 851 1443 sectans
896 1383 1140 1462 ineptus
1183 1384 1250 1443 fit
1294 1391 1358 1443 ut
1399 1386 1638 1444 Metam.
1685 1385 1785 1445 XI:
1836 1383 1978 1466 700,
2026 1383 2179 1444 701:

556 1493 734 1569 Nunc
779 1493 1005 1554 absens
1046 1512 1255 1576 pereo,
1299 1492 1497 1570 jactor
1540 1510 1705 1553 nunc
1749 1494 2038 1556 fluctibus
2084 1494 2331 1575 absem,

554 1603 630 1662 Et
672 1602 802 1665 sine
842 1623 941 1664 me
980 1624 1079 1666 me
1119 1611 1345 1682 pontus
1389 1603 1577 1664 habet
1619 1649 1634 1664 .
1684 1648 1698 1662 .
1746 1645 1763 1661 .

388 1711 474 1774 Id.
525 1712 665 1794 ⁴25,
718 1714 864 1773 ⁴26:

557 1821 886 1884 Miscuerat
927 1823 1101 1901 puris
1144 1832 1455 1894 auctorem
1496 1821 1767 1884 muneris
1806 1823 2011 1905 undiS‚

557 1932 759 1992 Fusile
800 1949 911 2009 per
956 1933 1146 1993 rictus
1189 1948 1407 1993 aurum
1448 1932 1685 1994 fluitare
1730 1934 1995 1994 videres.

393 2042 480 2102 Id.
528 2043 636 2102 62⁴
694 2041 771 2102 de
815 2044 1079 2102 Somno:

560 2151 850 2212 Excussit
891 2151 1140 2211 tandem
1186 2148 1308 2211 sibi
1347 2171 1413 2213 se
1456 2196 1471 2213 .
1521 2196 1536 2213 .
1714 2196 1731 2214 .
1778 2199 1794 2214 .

396 2262 628 2323 Creber
672 2269 768 2321 est
810 2261 868 2320 in
914 2261 1403 2344 periphrasibuS‚
1461 2279 1601 2339 quae
1640 2261 2004 2341 plerumque
2040 2262 2519 2341 jucundissimae

398 2380 541 2433 sunt
583 2388 679 2432 ex.
723 2389 811 2448 gr.
855 2374 1014 2432 Fast.
1056 2373 1127 2433 ll:
1174 2371 1277 2455 73,
1324 2372 1426 2434 74:
1481 2404 1487 2410 -

559 2482 880 2542 Proximus
923 2482 1252 2561 Hesperias
1296 2484 1470 2544 Titan
1517 2484 1793 2545 abiturus
1837 2485 1896 2543 in
1944 2483 2144 2544 undas

564 2592 857 2653 Gemmea
900 2592 1231 2670 purpureis
1275 2610 1465 2670 quum
1505 2590 1650 2671 juga
1695 2593 1883 2655 demit
1925 2594 2132 2677 equis3

398 2701 509 2762 sed
553 2718 1014 2777 nonnumquam
1059 2702 1295 2779 frigidae
1337 2720 1433 2763 ex.
1475 2705 1638 2768 Fast.
1681 2704 1781 2765 VI:
1828 2702 1972 2784 725,
2020 2702 2164 2766 726:

562 2813 696 2871 Jam
741 2828 852 2872 sex
899 2818 958 2871 et
999 2812 1247 2873 totidem
1293 2813 1467 2875 luces
1512 2813 1589 2873 de
1632 2830 1852 2873 mense
1891 2821 2242 2893 supersunt,

560 2919 716 2980 Huic
759 2938 951 2981 unum
996 2940 1249 2981 numero
1294 2928 1358 2983 tu
1402 2929 1608 2984 tamen
1653 2923 1810 2983 adde
1854 2918 2044 2982 diem!

396 3030 607 3107 Inepte
661 3029 839 3090 etiam
897 3031 1204 3092 interdum
1249 3033 1468 3096 eadem
1511 3033 1702 3093 verba
1748 3039 2032 3111 repetens
2074 3032 2134 3090 in
2182 3028 2515 3106 cacopho—

399 3139 534 3199 nias
578 3139 928 3201 fastidiosas
971 3142 1185 3203 incidit
1227 3160 1322 3202 ex.
1368 3142 1612 3203 Heroid.
1657 3144 1770 3219 Ep.
1817 3143 1949 3204 XV:
1997 3144 2097 3221 39,
2149 3143 2246 3201 40.

563 3250 650 3322 Si,
695 3249 813 3310 nisi
857 3267 995 3326 quae
1038 3251 1195 3311 facie
1237 3251 1461 3330 poterit
1505 3261 1565 3312 te
1613 3252 1797 3331 digna
1842 3251 2057 3333 videri,

562 3360 734 3420 Nulla
781 3361 980 3422 futura
1024 3369 1127 3422 tua
1172 3369 1288 3445 est,
1337 3362 1500 3423 nulla
1547 3362 1745 3422 futura
1791 3368 1889 3419 tua
1940 3365 2069 3441 est3

400 3474 460 3526 et
500 3470 739 3530 Metam.
786 3472 831 3531 1:
878 3472 1022 3553 325,
1070 3473 1210 3533 326:

560 3579 633 3637 Et
679 3596 1009 3657 superesse
1055 3580 1220 3641 videt
1261 3581 1340 3641 de
1380 3588 1468 3642 tot
1512 3582 1695 3642 modo
1742 3578 1987 3639 milibus
2030 3595 2222 3637 unum

561 3687 639 3747 Et
682 3704 1011 3764 superesse
1055 3689 1221 3751 videt
1264 3691 1341 3751 de
1382 3697 1472 3751 tot
1516 3690 1697 3751 modo
1746 3687 1989 3749 milibus
2031 3705 2239 3750 unam.

448 3781 453 3788 ’
563 3797 887 3860 Latissime
941 3810 1146 3860 autem
1201 3808 1367 3878 patet
1412 3799 1644 3861 crimen
1687 3789 2082 3882 neyliyehtiae,
2131 3794 2305 3871 cujus
2348 3796 2518 3857 haud

395 3922 534 3965 rara
591 3907 754 3982 apud
819 3910 1123 3968 Nasonem
1180 3917 1324 3970 sunt
1375 3908 1658 3990 vestigia,
1713 3909 2017 3985 imprimis
2063 3909 2121 3968 in
2166 3906 2336 3968 libris
2380 3908 2524 3968 Me-
