2792 4409
32 807 39 1058 -—ff—...-.-
32 689 35 796 ff—„
32 657 35 680 -
32 385 35 648 -„—————

1307 222 1386 281 29

286 396 479 472 putat,
551 386 798 465 supplet
854 386 904 445 si
961 384 1107 461 quid
1164 383 1358 467 deest,
1417 385 1664 446 omnino
1721 386 2170 447 contemnebat..
2269 389 2406 450 Duo

283 501 448 580 apud
509 515 650 558 eum
711 498 950 558 Seneca
997 493 1135 571 jure
1194 511 1305 554 suo
1363 494 1751 576 vituperavit,
1802 498 1989 555 unum
2036 497 2198 572 quod
2243 514 2403 559 sen-

285 610 508 670 tentias
574 623 723 667 suas
788 605 1119 682 repetendo
1177 613 1532 682 corrumpat
1554 604 1632 686 ⁷),
1680 603 1932 665 alterum
1979 607 2138 681 quod
2196 608 2405 669 verbis

285 718 471 779 nimis
526 716 781 776 licenter
836 695 1033 775 utatur
1061 713 1138 790 ⁸).
1247 715 1402 786 Quae
1458 716 1599 776 vitia
1666 714 1826 793 apud
1896 716 2181 776 Ovidium
2251 734 2400 778 cre-

283 830 393 889 bra
447 832 614 907 sunt,
672 829 872 900 neque
926 824 1068 884 illud
1126 841 1363 908 rarum,
1423 826 1586 901 quod
1643 827 1702 885 in
1748 827 2011 904 ineptias
2064 843 2131 885 re
2185 827 2397 905 indig-

285 955 399 999 nas
455 936 688 1000 incidit.
742 943 747 948 '
787 935 1104 995 Addamus
1154 936 1502 1013 exemplum
1548 940 1784 1000 Metam.
1828 939 1979 998 Xlll:
2046 936 2400 1018 789—807,

424 1162 478 1225 ⁷)
518 1160 763 1211 Controv.
820 1158 1045 1210 XXVIII:
1103 1158 1301 1210 ”Habet
1358 1159 1462 1210 hoc
1505 1159 1789 1220 Montanus
1845 1159 2048 1210 vitium:
2106 1159 2401 1210 sententias

285 1263 412 1301 suas
447 1247 738 1313 repetendo
777 1247 1093 1310 corrumpit3
1142 1246 1264 1297 dum
1305 1259 1413 1297 non
1451 1249 1534 1296 est
1570 1248 1852 1297 contentus
1890 1260 2048 1297 unam
2085 1260 2195 1297 rem
2234 1246 2401 1297 semel

280 1337 421 1388 bene
458 1336 647 1402 dicere,
688 1334 861 1396 efficit,
899 1346 968 1382 ne
1005 1332 1142 1382 hene
1180 1321 1382 1382 dixerit.
1466 1332 1531 1381 Et
1563 1335 1783 1397 propter
1822 1333 1925 1383 hoc
1962 1338 2015 1383 et
2050 1334 2166 1398 alia,
2206 1332 2399 1396 quibus

279 1425 459 1474 orator
502 1423 684 1485 potest
729 1421 906 1483 poetae
952 1419 1135 1468 similis
1183 1418 1361 1483 videri,
1410 1418 1618 1469 solebat
1655 1418 1882 1470 Scaurus
1919 1420 2227 1471 Montanum
2265 1420 2403 1467 inter

279 1510 520 1560 oratores
569 1505 812 1556 Ovidium
861 1519 1067 1556 vocare.
1149 1504 1281 1556 Nam
1333 1507 1385 1554 et
1422 1504 1639 1556 Ovidius
1677 1506 1848 1556 nescit
1884 1506 2030 1574 quod
2064 1505 2403 1574 bene,cessit

278 1595 596 1657 relinquere.
667 1591 784 1642 Non
841 1590 1000 1642 multa
1058 1589 1278 1641 referam
1326 1605 1448 1655 quae
1495 1593 1834 1644 Montaniana
1884 1592 2111 1643 Scaurus
2159 1591 2401 1641 vocabat.

196 1733 201 1740 ,
273 1679 393 1731 Uno
440 1678 545 1729 hoc
591 1679 874 1729 contentus
923 1691 1030 1728 ero.
1113 1678 1285 1739 Quum
1322 1678 1590 1743 Polyxena
1641 1681 1786 1730 esset
1821 1680 2065 1745 abducta,
2103 1681 2160 1730 ut
2197 1677 2263 1729 ad
2307 1679 2402 1729 tu-

278 1766 480 1818 mulum
516 1763 729 1815 Achillis
766 1764 1141 1828 immolaretur,
1179 1764 1392 1815 Hecuba
1432 1766 1562 1816 dixit

787 1884 801 1898 .
840 1886 852 1898 .
892 1850 1022 1900 cinis
1058 1851 1175 1914 ipse
1213 1850 1409 1915 sepulti

673 1936 731 1985 ln
767 1949 935 1999 genus
971 1937 1075 1986 boc
1109 1939 1311 2000 pugnat
1315 1972 1540 1987 .....

279 2023 496 2077 Poterat
529 2020 634 2072 hoc
658 2008 952 2073 'contentus
991 2036 1129 2087 esse,
1170 2023 1385 2086 adjecit:

675 2141 690 2156 .
723 2145 740 2158 .
784 2144 797 2157 .
835 2143 848 2156 .
888 2146 901 2157 .
940 2109 1397 2175 tumulo.quoque
1435 2111 1701 2162 sensimus
1737 2111 1963 2162 hostem.

271 2193 385 2245 Nec
418 2193 523 2245 hoc
560 2196 843 2245 contentus
882 2195 1073 2257 adjecit
1120 2199 1127 2206 '
1248 2199 1253 2206 ’
1314 2203 1320 2207 ·
1425 2197 1428 2202 “
1586 2197 1592 2202 “

666 2281 896 2331 AEacidae
936 2280 1157 2334 secunda
1198 2283 1268 2334 l'ui
1274 2319 1498 2335 .....

272 2364 460 2430 Ajebat
493 2369 669 2418 autem
705 2366 934 2418 Scaurus
976 2383 1086 2419 rem
1124 2384 1318 2434 veram,
1359 2385 1466 2422 non
1503 2373 1676 2426 miuus
1713 2383 1957 2435 magnam
1997 2372 2240 2422 virtutem
2271 2386 2395 2423 esse

270 2452 407 2503 scire
445 2453 686 2504 desinere
724 2466 884 2519 quam
923 2455 1056 2505 scire
1096 2455 1316 2508 dicere.”
1370 2458 1501 2509 Vide
1537 2460 1690 2509 etiam
1730 2459 1940 2510 Metam.
1979 2457 2059 2508 IV:
2102 2460 2394 2524 425-427,

273 2537 355 2588 vl:
394 2539 515 2604 259,
554 2540 674 2589 260.
1333 2533 1339 2540 ’
1715 2553 1722 2560 ·

410 2626 654 2676 Abutitur
706 2628 883 2692 itaque
938 2622 1228 2695 ἔξεργασὶα
1284 2629 1792 2693 s.··congregatione
1834 2630 2211 2680 sententiarum
2250 2630 2390 2681 idem

269 2710 699 2775 significantium.
736 2711 739 2712 ⁷
998 2721 1003 2758 ;
1064 2753 1068 2758 ,
1170 2751 1174 2756 .
1549 2751 1552 2758 ,

416 2797 468 2862 ⁸)
510 2798 686 2849 Contr.
734 2800 798 2852 X:
857 2800 1115 2866 ”Molesta
1166 2802 1236 2852 illi
1292 2801 1538 2870 (ovidio)
1597 2802 1709 2852 erat
1760 2802 1933 2864 omnis
1987 2788 2390 2864 argumentatio.

262 2885 451 2935 Verbis
502 2886 714 2936 minime
754 2887 971 2938 licenter
1016 2901 1144 2938 usus
1194 2889 1292 2952 est,
1341 2889 1441 2939 nisi
1490 2888 1540 2937 in
1581 2887 1917 2951 carminibuS‚
1957 2887 2009 2937 in
2048 2889 2241 2952 quibus
2285 2904 2392 2941 non

262 2971 520 3032 ignoravit
566 2972 686 3022 vitia
736 2988 849 3037 sua,
899 2974 994 3024 sed
1034 2973 1244 3023 amavit.
1316 2971 1650 3026 Manifestum
1695 2975 1878 3036 potest
1915 2986 2052 3040 esse,
2094 2975 2255 3040 quod,
2294 2990 2391 3025 ro-

259 3060 418 3120 gatus
470 3058 750 3122 aliquando
800 3059 866 3108 ab
914 3060 1092 3109 amicis
1133 3061 1260 3125 suis3
1299 3063 1361 3111 ut·
1393 3059 1600 3110 tolleret
1636 3060 1743 3107 tres
1780 3072 1985 3122 versuS‚
2022 3060 2242 3110 invicem
2285 3073 2391 3123 pe-

259 3144 357 3208 tiit,
411 3145 470 3194 ut
505 3143 622 3208 ipse
657 3147 766 3195 tres
807 3146 1176 3209 exciperet‚.iu
1216 3161 1352 3212 quos
1392 3147 1512 3198 nihil
1554 3146 1652 3196 illis
1689 3146 1883 3198 liceret.
1964 3145 2132 3208 AEqua
2173 3146 2234 3195 lis
2277 3146 2392 3198 visa

263 3233 362 3280 est.
438 3228 772 3294 Scripserunt
818 3231 888 3280 illi
938 3243 1074 3293 quos
1125 3232 1237 3281 tolli
1287 3233 1485 3290 vellent
1520 3236 1745 3294 secret-0,
1782 3231 1867 3281 hic
1903 3244 2039 3294 quos
2077 3231 2221 3280 tutos
2262 3244 2386 3283 esse

254 3316 431 3366 vellet.
503 3316 561 3366 In
608 3317 845 3380 utrisque
891 3318 1140 3367 codicillis
1186 3317 1341 3367 iidem
1381 3315 1566 3368 versus
1611 3320 1774 3382 erant,
1825 3330 1888 3366 ex
1926 3316 2117 3381 quibus
2160 3317 2388 3379 primum

250 3400 420 3453 fuisse
464 3403 712 3454 narrabat
747 3404 1106 3454 Albinovanus
1142 3404 1304 3468 Pede,
1345 3404 1432 3467 qui
1470 3405 1604 3453 inter
1642 3404 1872 3453 arbitros
1900 3401 2023 3470 fuit:

525 3487 974 3555 Semibovemque
1009 3491 1177 3542 virum
1216 3491 1624 3553 semivirumque
1665 3489 1875 3553 bovem,

248 3575 583 3627 secundum:

523 3660 798 3723 Egelidum
835 3661 1039 3711 Borean
1080 3662 1448 3727 egelidumque
1486 3661 1700 3712 Notum.

244 3746 323 3797 Ex
375 3759 481 3811 quo
524 3747 764 3810 apparet,
814 3748 1003 3795 summi
1051 3747 1241 3811 ingenii
1280 3749 1388 3797 viro
1421 3747 1672 3811 judicium
1712 3758 1816 3796 non
1856 3743 2087 3795 defuisse
2124 3743 2190 3794 ad
2229 3755 2386 3793 com-

186 3866 188 3868 >
242 3831 577 3896 pescendam
635 3829 894 3879 licentiam
948 3834 1235 3883 carminum
1285 3846 1523 3897 suorum,
1571 3832 1666 3882 sed
1704 3831 1952 3881 animum.
2028 3829 2211 3894 Ajebat
2247 3830 2384 3879 enim

254 3920 627 3971 decentiorem
667 3915 851 3967 faciem
894 3929 1031 3982 esse,
1073 3921 1121 3969 in
1161 3931 1262 3982 qua
1301 3919 1490 3983 aliquis
1529 3930 1711 3969 naevus
1751 3917 1942 3968 essev’.
