<?xml version="1.0" encoding="UTF-8"?>
<!DOCTYPE html PUBLIC "-//W3C//DTD XHTML 1.0 Transitional//EN"
    "http://www.w3.org/TR/xhtml1/DTD/xhtml1-transitional.dtd">
<html xmlns="http://www.w3.org/1999/xhtml" xml:lang="en" lang="en">
 <head>
  <title>
</title>
<meta http-equiv="Content-Type" content="text/html;charset=utf-8" />
  <meta name='ocr-system' content='tesseract 3.04.00' />
  <meta name='ocr-capabilities' content='ocr_page ocr_carea ocr_par ocr_line ocrx_word'/>
</head>
<body>
  <div class='ocr_page' id='page_1' title='image "adlibrospovidii00unkngoog_0049.png"; bbox 0 0 2792 4409; ppageno 0'>
   <div class='ocr_carea' id='block_1_1' title="bbox 1316 157 1390 218">
    <p class='ocr_par' dir='ltr' id='par_1_1' title="bbox 1316 157 1390 218">
     <span class='ocr_line' id='line_1_1' title="bbox 1316 157 1390 218; baseline -0.054 0"><span class='ocrx_word' id='word_1_1' title='bbox 1316 157 1390 218; x_wconf 78' lang='lat'>39</span> 
     </span>
    </p>
   </div>
   <div class='ocr_carea' id='block_1_2' title="bbox 287 317 2413 3165">
    <p class='ocr_par' dir='ltr' id='par_1_2' title="bbox 287 317 2412 1376">
     <span class='ocr_line' id='line_1_2' title="bbox 290 317 2409 402; baseline -0.004 -19"><span class='ocrx_word' id='word_1_2' title='bbox 290 323 492 384; x_wconf 89' lang='lat' dir='ltr'>scriba</span> <span class='ocrx_word' id='word_1_3' title='bbox 559 322 738 401; x_wconf 84' lang='lat' dir='ltr'>Appii</span> <span class='ocrx_word' id='word_1_4' title='bbox 808 320 1066 402; x_wconf 80' lang='lat' dir='ltr'>Claudii,</span> <span class='ocrx_word' id='word_1_5' title='bbox 1142 336 1361 398; x_wconf 85' lang='lat' dir='ltr'>magna</span> <span class='ocrx_word' id='word_1_6' title='bbox 1432 336 1572 379; x_wconf 85' lang='lat' dir='ltr'>oum</span> <span class='ocrx_word' id='word_1_7' title='bbox 1644 318 1981 379; x_wconf 86' lang='lat' dir='ltr'>offensione</span> <span class='ocrx_word' id='word_1_8' title='bbox 2050 321 2289 379; x_wconf 86' lang='lat' dir='ltr'>Patrum</span> <span class='ocrx_word' id='word_1_9' title='bbox 2351 317 2409 375; x_wconf 91' lang='lat' dir='ltr'>in</span> 
     </span>
     <span class='ocr_line' id='line_1_3' title="bbox 292 429 2412 511; baseline -0.003 -19"><span class='ocrx_word' id='word_1_10' title='bbox 292 434 514 511; x_wconf 86' lang='lat' dir='ltr'>vulgus</span> <span class='ocrx_word' id='word_1_11' title='bbox 570 451 677 494; x_wconf 89' lang='lat' dir='ltr'>eos</span> <span class='ocrx_word' id='word_1_12' title='bbox 735 432 923 492; x_wconf 84' lang='lat' dir='ltr'>edidit</span> <span class='ocrx_word' id='word_1_13' title='bbox 958 431 1031 508; x_wconf 84' lang='lat'>¹).</span> <span class='ocrx_word' id='word_1_14' title='bbox 1140 429 1435 490; x_wconf 87' lang='lat' dir='ltr'>Paulatim</span> <span class='ocrx_word' id='word_1_15' title='bbox 1494 446 1645 490; x_wconf 87' lang='lat' dir='ltr'>usus</span> <span class='ocrx_word' id='word_1_16' title='bbox 1703 430 1994 489; x_wconf 82' lang='lat' dir='ltr'>fastorum</span> <span class='ocrx_word' id='word_1_17' title='bbox 2056 429 2210 488; x_wconf 90' lang='lat' dir='ltr'>adeo</span> <span class='ocrx_word' id='word_1_18' title='bbox 2266 445 2412 487; x_wconf 91' lang='lat' dir='ltr'>am-</span> 
     </span>
     <span class='ocr_line' id='line_1_4' title="bbox 289 538 2407 625; baseline -0.001 -22"><span class='ocrx_word' id='word_1_19' title='bbox 289 543 591 621; x_wconf 87' lang='lat' dir='ltr'>plificatus</span> <span class='ocrx_word' id='word_1_20' title='bbox 645 551 761 625; x_wconf 88' lang='lat' dir='ltr'>est,</span> <span class='ocrx_word' id='word_1_21' title='bbox 818 550 884 601; x_wconf 89' lang='lat' dir='ltr'>ut</span> <span class='ocrx_word' id='word_1_22' title='bbox 938 558 1057 602; x_wconf 92' lang='lat' dir='ltr'>non</span> <span class='ocrx_word' id='word_1_23' title='bbox 1116 541 1313 601; x_wconf 87' lang='lat' dir='ltr'>solum</span> <span class='ocrx_word' id='word_1_24' title='bbox 1371 540 1472 615; x_wconf 89' lang='lat' dir='ltr'>qui</span> <span class='ocrx_word' id='word_1_25' title='bbox 1527 539 1659 600; x_wconf 90' lang='lat' dir='ltr'>dies</span> <span class='ocrx_word' id='word_1_26' title='bbox 1705 547 1913 600; x_wconf 80' lang='lat' dir='ltr'><strong>essent</strong></span> <span class='ocrx_word' id='word_1_27' title='bbox 1956 538 2119 617; x_wconf 74' lang='lat' dir='ltr'>fasti,</span> <span class='ocrx_word' id='word_1_28' title='bbox 2168 541 2407 625; x_wconf 78' lang='lat' dir='ltr'><strong>nefasti,</strong></span> 
     </span>
     <span class='ocr_line' id='line_1_5' title="bbox 293 650 2407 733; baseline -0.001 -20"><span class='ocrx_word' id='word_1_29' title='bbox 293 654 562 715; x_wconf 82' lang='lat' dir='ltr'>intercisi</span> <span class='ocrx_word' id='word_1_30' title='bbox 629 654 1004 733; x_wconf 89' lang='lat' dir='ltr'>indicarent,</span> <span class='ocrx_word' id='word_1_31' title='bbox 1073 653 1180 711; x_wconf 91' lang='lat' dir='ltr'>sed</span> <span class='ocrx_word' id='word_1_32' title='bbox 1249 651 1429 710; x_wconf 89' lang='lat' dir='ltr'>etiam</span> <span class='ocrx_word' id='word_1_33' title='bbox 1498 668 1618 726; x_wconf 91' lang='lat' dir='ltr'>quo</span> <span class='ocrx_word' id='word_1_34' title='bbox 1685 650 1899 710; x_wconf 80' lang='lat' dir='ltr'>ordine</span> <span class='ocrx_word' id='word_1_35' title='bbox 1965 668 2210 710; x_wconf 88' lang='lat' dir='ltr'>menses</span> <span class='ocrx_word' id='word_1_36' title='bbox 2266 651 2407 712; x_wconf 84' lang='lat' dir='ltr'>anni</span> 
     </span>
     <span class='ocr_line' id='line_1_6' title="bbox 291 761 2410 842; baseline -0 -20"><span class='ocrx_word' id='word_1_37' title='bbox 291 763 544 839; x_wconf 87' lang='lat' dir='ltr'>diesque</span> <span class='ocrx_word' id='word_1_38' title='bbox 592 764 895 824; x_wconf 88' lang='lat' dir='ltr'>mensium</span> <span class='ocrx_word' id='word_1_39' title='bbox 942 762 1287 823; x_wconf 90' lang='lat' dir='ltr'>secundum</span> <span class='ocrx_word' id='word_1_40' title='bbox 1336 761 1660 841; x_wconf 82' lang='lat' dir='ltr'>CalendaS,</span> <span class='ocrx_word' id='word_1_41' title='bbox 1717 762 1947 842; x_wconf 84' lang='lat' dir='ltr'>NonaS,</span> <span class='ocrx_word' id='word_1_42' title='bbox 1992 762 2137 821; x_wconf 92' lang='lat' dir='ltr'>Idus</span> <span class='ocrx_word' id='word_1_43' title='bbox 2182 779 2410 822; x_wconf 89' lang='lat' dir='ltr'>nume-</span> 
     </span>
     <span class='ocr_line' id='line_1_7' title="bbox 292 871 2412 954; baseline 0 -22"><span class='ocrx_word' id='word_1_44' title='bbox 292 880 592 954; x_wconf 87' lang='lat' dir='ltr'>rarentur,</span> <span class='ocrx_word' id='word_1_45' title='bbox 650 880 831 949; x_wconf 89' lang='lat' dir='ltr'>atque</span> <span class='ocrx_word' id='word_1_46' title='bbox 885 872 1188 949; x_wconf 87' lang='lat' dir='ltr'>imprimis</span> <span class='ocrx_word' id='word_1_47' title='bbox 1246 871 1471 947; x_wconf 88' lang='lat' dir='ltr'>quibus</span> <span class='ocrx_word' id='word_1_48' title='bbox 1527 871 1747 931; x_wconf 89' lang='lat' dir='ltr'>diebus</span> <span class='ocrx_word' id='word_1_49' title='bbox 1803 873 1970 932; x_wconf 86' lang='lat' dir='ltr'>feriae</span> <span class='ocrx_word' id='word_1_50' title='bbox 2014 889 2231 932; x_wconf 91' lang='lat' dir='ltr'>omnes</span> <span class='ocrx_word' id='word_1_51' title='bbox 2277 873 2412 932; x_wconf 91' lang='lat' dir='ltr'>sol-</span> 
     </span>
     <span class='ocr_line' id='line_1_8' title="bbox 290 981 2409 1065; baseline -0 -23"><span class='ocrx_word' id='word_1_52' title='bbox 290 983 503 1046; x_wconf 85' lang='lat' dir='ltr'>lennes</span> <span class='ocrx_word' id='word_1_53' title='bbox 569 991 750 1060; x_wconf 85' lang='lat' dir='ltr'>atque</span> <span class='ocrx_word' id='word_1_54' title='bbox 818 982 939 1042; x_wconf 92' lang='lat' dir='ltr'>ludi</span> <span class='ocrx_word' id='word_1_55' title='bbox 1004 983 1239 1065; x_wconf 84' lang='lat' dir='ltr'>fierent,</span> <span class='ocrx_word' id='word_1_56' title='bbox 1309 991 1367 1042; x_wconf 89' lang='lat' dir='ltr'>et</span> <span class='ocrx_word' id='word_1_57' title='bbox 1433 983 1659 1059; x_wconf 91' lang='lat' dir='ltr'>quibus</span> <span class='ocrx_word' id='word_1_58' title='bbox 1717 982 1956 1043; x_wconf 90' lang='lat' dir='ltr'>comitia</span> <span class='ocrx_word' id='word_1_59' title='bbox 2018 981 2409 1043; x_wconf 77' lang='lat' dir='ltr'>haberentur.</span> 
     </span>
     <span class='ocr_line' id='line_1_9' title="bbox 287 1092 2410 1173; baseline -0 -19"><span class='ocrx_word' id='word_1_60' title='bbox 287 1094 362 1154; x_wconf 88' lang='lat' dir='ltr'>Et</span> <span class='ocrx_word' id='word_1_61' title='bbox 406 1112 594 1172; x_wconf 88' lang='lat' dir='ltr'>quum</span> <span class='ocrx_word' id='word_1_62' title='bbox 640 1094 1112 1173; x_wconf 85' lang='lat' dir='ltr'>imperatoribus</span> <span class='ocrx_word' id='word_1_63' title='bbox 1159 1111 1376 1153; x_wconf 88' lang='lat' dir='ltr'>servus</span> <span class='ocrx_word' id='word_1_64' title='bbox 1433 1093 1697 1172; x_wconf 90' lang='lat' dir='ltr'>populus</span> <span class='ocrx_word' id='word_1_65' title='bbox 1745 1092 2018 1156; x_wconf 88' lang='lat' dir='ltr'>divinum</span> <span class='ocrx_word' id='word_1_66' title='bbox 2066 1109 2241 1171; x_wconf 84' lang='lat' dir='ltr'>paene</span> <span class='ocrx_word' id='word_1_67' title='bbox 2285 1094 2410 1153; x_wconf 88' lang='lat' dir='ltr'>ho-</span> 
     </span>
     <span class='ocr_line' id='line_1_10' title="bbox 291 1202 2408 1286; baseline -0.002 -21"><span class='ocrx_word' id='word_1_68' title='bbox 291 1222 499 1265; x_wconf 89' lang='lat' dir='ltr'>norem</span> <span class='ocrx_word' id='word_1_69' title='bbox 558 1205 826 1265; x_wconf 84' lang='lat' dir='ltr'>tribuere</span> <span class='ocrx_word' id='word_1_70' title='bbox 883 1206 1212 1285; x_wconf 89' lang='lat' dir='ltr'>coepisset,</span> <span class='ocrx_word' id='word_1_71' title='bbox 1280 1205 1497 1264; x_wconf 86' lang='lat' dir='ltr'>horum</span> <span class='ocrx_word' id='word_1_72' title='bbox 1555 1205 1733 1263; x_wconf 88' lang='lat' dir='ltr'>etiam</span> <span class='ocrx_word' id='word_1_73' title='bbox 1783 1204 2036 1286; x_wconf 81' lang='lat' dir='ltr'>natales,</span> <span class='ocrx_word' id='word_1_74' title='bbox 2093 1202 2408 1284; x_wconf 86' lang='lat' dir='ltr'>triumphi,</span> 
     </span>
     <span class='ocr_line' id='line_1_11' title="bbox 288 1315 1333 1376; baseline 0.001 -2"><span class='ocrx_word' id='word_1_75' title='bbox 288 1315 502 1376; x_wconf 88' lang='lat' dir='ltr'>laudes</span> <span class='ocrx_word' id='word_1_76' title='bbox 547 1315 605 1375; x_wconf 91' lang='lat' dir='ltr'>in</span> <span class='ocrx_word' id='word_1_77' title='bbox 658 1316 845 1375; x_wconf 79' lang='lat' dir='ltr'>fastos</span> <span class='ocrx_word' id='word_1_78' title='bbox 890 1315 1333 1375; x_wconf 81' lang='lat' dir='ltr'>referebantur.</span> 
     </span>
    </p>

    <p class='ocr_par' dir='ltr' id='par_1_3' title="bbox 289 1422 2413 2061">
     <span class='ocr_line' id='line_1_12' title="bbox 453 1422 2407 1507; baseline -0.001 -21"><span class='ocrx_word' id='word_1_79' title='bbox 453 1428 640 1487; x_wconf 89' lang='lat' dir='ltr'>Erant</span> <span class='ocrx_word' id='word_1_80' title='bbox 697 1426 877 1485; x_wconf 91' lang='lat' dir='ltr'>etiam</span> <span class='ocrx_word' id='word_1_81' title='bbox 938 1425 1031 1485; x_wconf 92' lang='lat' dir='ltr'>alii</span> <span class='ocrx_word' id='word_1_82' title='bbox 1092 1425 1250 1507; x_wconf 85' lang='lat' dir='ltr'>fasti,</span> <span class='ocrx_word' id='word_1_83' title='bbox 1312 1426 1411 1502; x_wconf 91' lang='lat' dir='ltr'>qui</span> <span class='ocrx_word' id='word_1_84' title='bbox 1469 1422 1748 1487; x_wconf 74' lang='lat' dir='ltr'>historici</span> <span class='ocrx_word' id='word_1_85' title='bbox 1790 1443 1839 1485; x_wconf 88' lang='lat' dir='ltr'>S.</span> <span class='ocrx_word' id='word_1_86' title='bbox 1888 1423 2238 1487; x_wconf 74' lang='lat' dir='ltr'>consulares</span> <span class='ocrx_word' id='word_1_87' title='bbox 2284 1443 2407 1485; x_wconf 93' lang='lat' dir='ltr'>no-</span> 
     </span>
     <span class='ocr_line' id='line_1_13' title="bbox 292 1534 2413 1619; baseline -0.002 -21"><span class='ocrx_word' id='word_1_88' title='bbox 292 1538 700 1619; x_wconf 80' lang='lat' dir='ltr'>minabantur,</span> <span class='ocrx_word' id='word_1_89' title='bbox 760 1553 915 1613; x_wconf 89' lang='lat' dir='ltr'>quos</span> <span class='ocrx_word' id='word_1_90' title='bbox 972 1537 1363 1613; x_wconf 82' lang='lat' dir='ltr'>magistratus</span> <span class='ocrx_word' id='word_1_91' title='bbox 1420 1534 1681 1611; x_wconf 86' lang='lat' dir='ltr'>quisque</span> <span class='ocrx_word' id='word_1_92' title='bbox 1734 1553 1934 1595; x_wconf 88' lang='lat' dir='ltr'>annus</span> <span class='ocrx_word' id='word_1_93' title='bbox 1990 1536 2308 1596; x_wconf 79' lang='lat' dir='ltr'>habuisset</span> <span class='ocrx_word' id='word_1_94' title='bbox 2353 1543 2413 1594; x_wconf 89' lang='lat' dir='ltr'>et</span> 
     </span>
     <span class='ocr_line' id='line_1_14' title="bbox 290 1643 2405 1728; baseline -0.001 -21"><span class='ocrx_word' id='word_1_95' title='bbox 290 1648 434 1724; x_wconf 89' lang='lat' dir='ltr'>quid</span> <span class='ocrx_word' id='word_1_96' title='bbox 481 1649 643 1708; x_wconf 82' lang='lat' dir='ltr'>domi</span> <span class='ocrx_word' id='word_1_97' title='bbox 691 1643 954 1723; x_wconf 86' lang='lat' dir='ltr'>bellique</span> <span class='ocrx_word' id='word_1_98' title='bbox 1000 1654 1237 1723; x_wconf 85' lang='lat' dir='ltr'>gestum</span> <span class='ocrx_word' id='word_1_99' title='bbox 1296 1652 1484 1728; x_wconf 86' lang='lat' dir='ltr'>esset,</span> <span class='ocrx_word' id='word_1_100' title='bbox 1545 1646 1905 1706; x_wconf 65' lang='lat' dir='ltr'>indicantes</span> <span class='ocrx_word' id='word_1_101' title='bbox 2009 1648 2132 1707; x_wconf 87' lang='lat' dir='ltr'>Hos</span> <span class='ocrx_word' id='word_1_102' title='bbox 2177 1654 2405 1728; x_wconf 89' lang='lat' dir='ltr'>autem,</span> 
     </span>
     <span class='ocr_line' id='line_1_15' title="bbox 290 1754 2405 1839; baseline -0 -21"><span class='ocrx_word' id='word_1_103' title='bbox 290 1760 365 1819; x_wconf 91' lang='lat' dir='ltr'>de</span> <span class='ocrx_word' id='word_1_104' title='bbox 433 1759 656 1836; x_wconf 88' lang='lat' dir='ltr'>quibus</span> <span class='ocrx_word' id='word_1_105' title='bbox 724 1776 836 1818; x_wconf 89' lang='lat' dir='ltr'>nos</span> <span class='ocrx_word' id='word_1_106' title='bbox 901 1758 1175 1839; x_wconf 83' lang='lat' dir='ltr'>agimuS,</span> <span class='ocrx_word' id='word_1_107' title='bbox 1255 1778 1469 1817; x_wconf 77' lang='lat' dir='ltr'>sacros</span> <span class='ocrx_word' id='word_1_108' title='bbox 1539 1776 1589 1816; x_wconf 89' lang='lat' dir='ltr'>S.</span> <span class='ocrx_word' id='word_1_109' title='bbox 1663 1754 2013 1819; x_wconf 77' lang='lat' dir='ltr'>calendares</span> <span class='ocrx_word' id='word_1_110' title='bbox 2079 1757 2405 1817; x_wconf 88' lang='lat' dir='ltr'>vocabant.</span> 
     </span>
     <span class='ocr_line' id='line_1_16' title="bbox 290 1867 2409 1951; baseline -0 -22"><span class='ocrx_word' id='word_1_111' title='bbox 290 1869 466 1930; x_wconf 89' lang='lat' dir='ltr'>Tales</span> <span class='ocrx_word' id='word_1_112' title='bbox 524 1886 642 1930; x_wconf 90' lang='lat' dir='ltr'>non</span> <span class='ocrx_word' id='word_1_113' title='bbox 701 1872 913 1930; x_wconf 85' lang='lat' dir='ltr'>Romae</span> <span class='ocrx_word' id='word_1_114' title='bbox 968 1869 1189 1951; x_wconf 86' lang='lat' dir='ltr'>solum,</span> <span class='ocrx_word' id='word_1_115' title='bbox 1251 1870 1357 1928; x_wconf 89' lang='lat' dir='ltr'>sed</span> <span class='ocrx_word' id='word_1_116' title='bbox 1408 1869 1587 1929; x_wconf 86' lang='lat' dir='ltr'>etiam</span> <span class='ocrx_word' id='word_1_117' title='bbox 1636 1869 1695 1928; x_wconf 91' lang='lat' dir='ltr'>in</span> <span class='ocrx_word' id='word_1_118' title='bbox 1747 1868 2094 1928; x_wconf 90' lang='lat' dir='ltr'>civitatibus</span> <span class='ocrx_word' id='word_1_119' title='bbox 2139 1867 2409 1928; x_wconf 86' lang='lat' dir='ltr'>finitimis</span> 
     </span>
     <span class='ocr_line' id='line_1_17' title="bbox 289 1979 778 2061; baseline -0.002 -23"><span class='ocrx_word' id='word_1_120' title='bbox 289 1979 671 2039; x_wconf 85' lang='lat' dir='ltr'>habebantur</span> <span class='ocrx_word' id='word_1_121' title='bbox 696 1979 778 2061; x_wconf 77' lang='grc'>2).</span> 
     </span>
    </p>

    <p class='ocr_par' dir='ltr' id='par_1_4' title="bbox 292 2087 2410 2503">
     <span class='ocr_line' id='line_1_18' title="bbox 456 2087 2410 2163; baseline -0.002 -13"><span class='ocrx_word' id='word_1_122' title='bbox 456 2089 684 2150; x_wconf 86' lang='lat' dir='ltr'>Sacros</span> <span class='ocrx_word' id='word_1_123' title='bbox 730 2091 1142 2150; x_wconf 85' lang='lat' dir='ltr'>Romanorum</span> <span class='ocrx_word' id='word_1_124' title='bbox 1193 2087 1383 2147; x_wconf 76' lang='lat' dir='ltr'>fastos</span> <span class='ocrx_word' id='word_1_125' title='bbox 1431 2103 1670 2147; x_wconf 89' lang='lat' dir='ltr'>summa</span> <span class='ocrx_word' id='word_1_126' title='bbox 1711 2106 1852 2148; x_wconf 90' lang='lat' dir='ltr'>cum</span> <span class='ocrx_word' id='word_1_127' title='bbox 1888 2089 2191 2150; x_wconf 84' lang='lat' dir='ltr'>suavitate</span> <span class='ocrx_word' id='word_1_128' title='bbox 2227 2095 2410 2163; x_wconf 85' lang='lat' dir='ltr'>atque</span> 
     </span>
     <span class='ocr_line' id='line_1_19' title="bbox 292 2195 2409 2277; baseline -0 -20"><span class='ocrx_word' id='word_1_129' title='bbox 292 2199 583 2276; x_wconf 85' lang='lat' dir='ltr'>elegantia</span> <span class='ocrx_word' id='word_1_130' title='bbox 643 2199 972 2277; x_wconf 84' lang='lat' dir='ltr'>descripsit</span> <span class='ocrx_word' id='word_1_131' title='bbox 1025 2208 1206 2276; x_wconf 88' lang='lat' dir='ltr'>atque</span> <span class='ocrx_word' id='word_1_132' title='bbox 1264 2198 1582 2258; x_wconf 87' lang='lat' dir='ltr'>exornavit</span> <span class='ocrx_word' id='word_1_133' title='bbox 1639 2195 1895 2259; x_wconf 85' lang='lat' dir='ltr'>Ovidius</span> <span class='ocrx_word' id='word_1_134' title='bbox 1956 2199 2013 2259; x_wconf 92' lang='lat' dir='ltr'>in</span> <span class='ocrx_word' id='word_1_135' title='bbox 2074 2195 2244 2257; x_wconf 86' lang='lat' dir='ltr'>libris</span> <span class='ocrx_word' id='word_1_136' title='bbox 2304 2198 2409 2257; x_wconf 89' lang='lat' dir='ltr'>di-</span> 
     </span>
     <span class='ocr_line' id='line_1_20' title="bbox 292 2307 2409 2392; baseline 0.001 -24"><span class='ocrx_word' id='word_1_137' title='bbox 292 2308 808 2392; x_wconf 83' lang='lat' dir='ltr'>dactico-epiciS,</span> <span class='ocrx_word' id='word_1_138' title='bbox 874 2311 974 2385; x_wconf 91' lang='lat' dir='ltr'>qui</span> <span class='ocrx_word' id='word_1_139' title='bbox 1033 2307 1216 2370; x_wconf 76' lang='lat' dir='ltr'>Fasti</span> <span class='ocrx_word' id='word_1_140' title='bbox 1266 2309 1545 2388; x_wconf 88' lang='lat' dir='ltr'>inscripti</span> <span class='ocrx_word' id='word_1_141' title='bbox 1603 2319 1765 2371; x_wconf 89' lang='lat' dir='ltr'>sunt.</span> <span class='ocrx_word' id='word_1_142' title='bbox 1871 2311 2011 2388; x_wconf 90' lang='lat' dir='ltr'>Ipse</span> <span class='ocrx_word' id='word_1_143' title='bbox 2077 2310 2219 2386; x_wconf 90' lang='lat' dir='ltr'>quid</span> <span class='ocrx_word' id='word_1_144' title='bbox 2291 2311 2409 2371; x_wconf 90' lang='lat' dir='ltr'>sibi</span> 
     </span>
     <span class='ocr_line' id='line_1_21' title="bbox 293 2419 1999 2503; baseline 0.002 -25"><span class='ocrx_word' id='word_1_145' title='bbox 293 2420 386 2479; x_wconf 91' lang='lat' dir='ltr'>his</span> <span class='ocrx_word' id='word_1_146' title='bbox 430 2419 488 2478; x_wconf 88' lang='lat' dir='ltr'>in</span> <span class='ocrx_word' id='word_1_147' title='bbox 537 2419 707 2480; x_wconf 89' lang='lat' dir='ltr'>libris</span> <span class='ocrx_word' id='word_1_148' title='bbox 755 2419 1156 2480; x_wconf 86' lang='lat' dir='ltr'>conficiendis</span> <span class='ocrx_word' id='word_1_149' title='bbox 1203 2421 1613 2503; x_wconf 82' lang='lat' dir='ltr'>proposuerit,</span> <span class='ocrx_word' id='word_1_150' title='bbox 1659 2421 1737 2481; x_wconf 88' lang='lat' dir='ltr'>ita</span> <span class='ocrx_word' id='word_1_151' title='bbox 1787 2419 1999 2482; x_wconf 88' lang='lat' dir='ltr'>docet:</span> 
     </span>
    </p>

    <p class='ocr_par' dir='ltr' id='par_1_5' title="bbox 373 2523 2409 3165">
     <span class='ocr_line' id='line_1_22' title="bbox 498 2523 2240 2610; baseline 0.001 -21"><span class='ocrx_word' id='word_1_152' title='bbox 498 2531 800 2607; x_wconf 90' lang='lat' dir='ltr'>Tempora</span> <span class='ocrx_word' id='word_1_153' title='bbox 850 2546 994 2589; x_wconf 89' lang='lat' dir='ltr'>cum</span> <span class='ocrx_word' id='word_1_154' title='bbox 1042 2530 1247 2590; x_wconf 90' lang='lat' dir='ltr'>causis</span> <span class='ocrx_word' id='word_1_155' title='bbox 1291 2530 1529 2591; x_wconf 88' lang='lat' dir='ltr'>Latium</span> <span class='ocrx_word' id='word_1_156' title='bbox 1563 2523 1809 2610; x_wconf 74' lang='lat' dir='ltr'>&#39;digesta</span> <span class='ocrx_word' id='word_1_157' title='bbox 1856 2545 1967 2609; x_wconf 83' lang='lat' dir='ltr'>per</span> <span class='ocrx_word' id='word_1_158' title='bbox 2013 2541 2240 2592; x_wconf 84' lang='lat' dir='ltr'>annum</span> 
     </span>
     <span class='ocr_line' id='line_1_23' title="bbox 495 2640 2121 2723; baseline 0.001 -22"><span class='ocrx_word' id='word_1_159' title='bbox 495 2642 819 2719; x_wconf 86' lang='lat' dir='ltr'>Lapsaque</span> <span class='ocrx_word' id='word_1_160' title='bbox 864 2640 980 2700; x_wconf 89' lang='lat' dir='ltr'>sub</span> <span class='ocrx_word' id='word_1_161' title='bbox 1026 2647 1221 2700; x_wconf 89' lang='lat' dir='ltr'>terras</span> <span class='ocrx_word' id='word_1_162' title='bbox 1268 2648 1523 2718; x_wconf 86' lang='lat' dir='ltr'>ortaque</span> <span class='ocrx_word' id='word_1_163' title='bbox 1569 2644 1742 2723; x_wconf 87' lang='lat' dir='ltr'>signa</span> <span class='ocrx_word' id='word_1_164' title='bbox 1792 2660 2010 2704; x_wconf 88' lang='lat' dir='ltr'>canam</span> <span class='ocrx_word' id='word_1_165' title='bbox 2044 2640 2121 2716; x_wconf 78' lang='lat'>³).</span> 
     </span>
     <span class='ocr_line' id='line_1_24' title="bbox 422 2749 2409 2833; baseline 0.003 -24"><span class='ocrx_word' id='word_1_166' title='bbox 422 2751 574 2822; x_wconf 82' lang='lat' dir='ltr'>Quae</span> <span class='ocrx_word' id='word_1_167' title='bbox 603 2759 803 2810; x_wconf 87' lang='lat' dir='ltr'>autem</span> <span class='ocrx_word' id='word_1_168' title='bbox 828 2749 923 2809; x_wconf 87' lang='lat' dir='ltr'>his</span> <span class='ocrx_word' id='word_1_169' title='bbox 946 2749 1118 2809; x_wconf 88' lang='lat' dir='ltr'>libris</span> <span class='ocrx_word' id='word_1_170' title='bbox 1141 2752 1455 2828; x_wconf 83' lang='lat' dir='ltr'>praecipua</span> <span class='ocrx_word' id='word_1_171' title='bbox 1484 2753 1894 2833; x_wconf 88' lang='lat' dir='ltr'>continentur,</span> <span class='ocrx_word' id='word_1_172' title='bbox 1921 2754 2055 2813; x_wconf 78' lang='lat' dir='ltr'>haec</span> <span class='ocrx_word' id='word_1_173' title='bbox 2084 2755 2208 2813; x_wconf 87' lang='lat' dir='ltr'>fere</span> <span class='ocrx_word' id='word_1_174' title='bbox 2232 2761 2409 2815; x_wconf 85' lang='lat' dir='ltr'>sunt:</span> 
     </span>
     <span class='ocr_line' id='line_1_25' title="bbox 374 2860 1700 2941; baseline 0.002 -21"><span class='ocrx_word' id='word_1_175' title='bbox 374 2878 430 2921; x_wconf 88' lang='lat' dir='ltr'>a.</span> <span class='ocrx_word' id='word_1_176' title='bbox 476 2861 742 2921; x_wconf 88' lang='lat' dir='ltr'>Exortus</span> <span class='ocrx_word' id='word_1_177' title='bbox 786 2869 970 2936; x_wconf 88' lang='lat' dir='ltr'>atque</span> <span class='ocrx_word' id='word_1_178' title='bbox 1015 2871 1279 2919; x_wconf 83' lang='lat' dir='ltr'>occasus</span> <span class='ocrx_word' id='word_1_179' title='bbox 1325 2860 1595 2921; x_wconf 88' lang='lat' dir='ltr'>siderum</span> <span class='ocrx_word' id='word_1_180' title='bbox 1619 2862 1700 2941; x_wconf 76' lang='lat'>4).</span> 
     </span>
     <span class='ocr_line' id='line_1_26' title="bbox 373 2969 1621 3054; baseline 0.002 -24"><span class='ocrx_word' id='word_1_181' title='bbox 373 2971 432 3030; x_wconf 91' lang='lat' dir='ltr'>b.</span> <span class='ocrx_word' id='word_1_182' title='bbox 480 2969 738 3031; x_wconf 89' lang='lat' dir='ltr'>Nomina</span> <span class='ocrx_word' id='word_1_183' title='bbox 786 2970 1164 3047; x_wconf 88' lang='lat' dir='ltr'>singulorum</span> <span class='ocrx_word' id='word_1_184' title='bbox 1213 2971 1513 3032; x_wconf 89' lang='lat' dir='ltr'>mensium</span> <span class='ocrx_word' id='word_1_185' title='bbox 1546 2970 1621 3054; x_wconf 77' lang='lat'>⁶).</span> 
     </span>
     <span class='ocr_line' id='line_1_27' title="bbox 376 3082 2333 3165; baseline 0.003 -24"><span class='ocrx_word' id='word_1_186' title='bbox 376 3100 430 3142; x_wconf 90' lang='lat' dir='ltr'>c.</span> <span class='ocrx_word' id='word_1_187' title='bbox 480 3082 720 3164; x_wconf 82' lang='lat' dir='ltr'>Figura,</span> <span class='ocrx_word' id='word_1_188' title='bbox 768 3083 1056 3165; x_wconf 84' lang='lat' dir='ltr'>insignia,</span> <span class='ocrx_word' id='word_1_189' title='bbox 1104 3083 1372 3165; x_wconf 87' lang='lat' dir='ltr'>nomina,</span> <span class='ocrx_word' id='word_1_190' title='bbox 1422 3084 1614 3161; x_wconf 81' lang='lat' dir='ltr'>mythi</span> <span class='ocrx_word' id='word_1_191' title='bbox 1661 3085 1925 3159; x_wconf 79' lang='lat' dir='ltr'>denique</span> <span class='ocrx_word' id='word_1_192' title='bbox 1971 3087 2224 3146; x_wconf 85' lang='lat' dir='ltr'>deorum</span> <span class='ocrx_word' id='word_1_193' title='bbox 2257 3083 2333 3156; x_wconf 78' lang='lat'>⁶).</span> 
     </span>
    </p>
   </div>
   <div class='ocr_carea' id='block_1_3' title="bbox 294 3271 2420 3770">
    <p class='ocr_par' dir='ltr' id='par_1_6' title="bbox 436 3271 2413 3338">
     <span class='ocr_line' id='line_1_28' title="bbox 436 3271 2413 3338; baseline 0.001 -16"><span class='ocrx_word' id='word_1_194' title='bbox 436 3271 478 3335; x_wconf 85' lang='lat'>¹)</span> <span class='ocrx_word' id='word_1_195' title='bbox 516 3271 622 3322; x_wconf 82' lang='lat' dir='ltr'>Liv.</span> <span class='ocrx_word' id='word_1_196' title='bbox 674 3271 760 3323; x_wconf 86' lang='lat' dir='ltr'>IX:</span> <span class='ocrx_word' id='word_1_197' title='bbox 810 3272 894 3323; x_wconf 71' lang='grc'>46.</span> <span class='ocrx_word' id='word_1_198' title='bbox 1018 3272 1071 3336; x_wconf 74' lang='lat'>²)</span> <span class='ocrx_word' id='word_1_199' title='bbox 1107 3272 1247 3322; x_wconf 84' lang='lat' dir='ltr'>Fast.</span> <span class='ocrx_word' id='word_1_200' title='bbox 1298 3271 1382 3322; x_wconf 80' lang='lat'>111:</span> <span class='ocrx_word' id='word_1_201' title='bbox 1429 3272 1514 3337; x_wconf 79' lang='lat'>87,</span> <span class='ocrx_word' id='word_1_202' title='bbox 1563 3271 1641 3322; x_wconf 88' lang='lat' dir='ltr'>VI:</span> <span class='ocrx_word' id='word_1_203' title='bbox 1680 3272 1763 3321; x_wconf 76' lang='lat'>59.</span> <span class='ocrx_word' id='word_1_204' title='bbox 1897 3271 1944 3331; x_wconf 74' lang='lat'>³)</span> <span class='ocrx_word' id='word_1_205' title='bbox 1993 3271 2128 3322; x_wconf 87' lang='lat' dir='ltr'>Fast.</span> <span class='ocrx_word' id='word_1_206' title='bbox 2177 3271 2213 3321; x_wconf 87' lang='lat'>1:</span> <span class='ocrx_word' id='word_1_207' title='bbox 2264 3276 2312 3338; x_wconf 78' lang='grc'>4,</span> <span class='ocrx_word' id='word_1_208' title='bbox 2362 3275 2413 3323; x_wconf 78' lang='lat'>2.</span> 
     </span>
    </p>

    <p class='ocr_par' dir='ltr' id='par_1_7' title="bbox 363 3356 2419 3424">
     <span class='ocr_line' id='line_1_29' title="bbox 363 3356 2419 3424; baseline -0.002 -9"><span class='ocrx_word' id='word_1_209' title='bbox 363 3357 415 3415; x_wconf 76' lang='lat'>⁴¹)</span> <span class='ocrx_word' id='word_1_210' title='bbox 457 3359 514 3409; x_wconf 92' lang='lat' dir='ltr'>In</span> <span class='ocrx_word' id='word_1_211' title='bbox 550 3371 773 3424; x_wconf 78' lang='lat' dir='ltr'>quorum</span> <span class='ocrx_word' id='word_1_212' title='bbox 814 3362 1087 3412; x_wconf 80' lang='lat' dir='ltr'>mentions</span> <span class='ocrx_word' id='word_1_213' title='bbox 1128 3360 1510 3411; x_wconf 80' lang='lat' dir='ltr'>commemorat</span> <span class='ocrx_word' id='word_1_214' title='bbox 1544 3358 1699 3409; x_wconf 83' lang='lat' dir='ltr'>etiam</span> <span class='ocrx_word' id='word_1_215' title='bbox 1739 3357 1804 3407; x_wconf 85' lang='lat' dir='ltr'>de</span> <span class='ocrx_word' id='word_1_216' title='bbox 1841 3357 1923 3421; x_wconf 78' lang='lat' dir='ltr'>iiS,</span> <span class='ocrx_word' id='word_1_217' title='bbox 1971 3356 2058 3421; x_wconf 86' lang='lat' dir='ltr'>qui</span> <span class='ocrx_word' id='word_1_218' title='bbox 2106 3357 2273 3408; x_wconf 78' lang='lat' dir='ltr'>stellis</span> <span class='ocrx_word' id='word_1_219' title='bbox 2312 3372 2419 3411; x_wconf 88' lang='lat' dir='ltr'>no·-</span> 
     </span>
    </p>

    <p class='ocr_par' dir='ltr' id='par_1_8' title="bbox 296 3443 2419 3517">
     <span class='ocr_line' id='line_1_30' title="bbox 296 3443 2419 3517; baseline 0.002 -23"><span class='ocrx_word' id='word_1_220' title='bbox 296 3445 434 3495; x_wconf 85' lang='lat' dir='ltr'>mina</span> <span class='ocrx_word' id='word_1_221' title='bbox 491 3457 585 3496; x_wconf 83' lang='lat' dir='ltr'>sua</span> <span class='ocrx_word' id='word_1_222' title='bbox 640 3447 1009 3511; x_wconf 74' lang='lat' dir='ltr'>imposuerunt</span> <span class='ocrx_word' id='word_1_223' title='bbox 1061 3459 1144 3497; x_wconf 84' lang='lat' dir='ltr'>ex.</span> <span class='ocrx_word' id='word_1_224' title='bbox 1200 3459 1274 3509; x_wconf 82' lang='lat' dir='ltr'>gr.</span> <span class='ocrx_word' id='word_1_225' title='bbox 1331 3445 1402 3517; x_wconf 83' lang='lat' dir='ltr'>de</span> <span class='ocrx_word' id='word_1_226' title='bbox 1457 3445 1650 3495; x_wconf 81' lang='lat' dir='ltr'>Arione</span> <span class='ocrx_word' id='word_1_227' title='bbox 1696 3444 1755 3494; x_wconf 90' lang='lat'>11:</span> <span class='ocrx_word' id='word_1_228' title='bbox 1805 3443 2065 3509; x_wconf 65' lang='lat'>79—448,</span> <span class='ocrx_word' id='word_1_229' title='bbox 2113 3444 2318 3497; x_wconf 79' lang='lat' dir='ltr'>Theseo</span> <span class='ocrx_word' id='word_1_230' title='bbox 2364 3450 2419 3498; x_wconf 77' lang='lat' dir='ltr'>et</span> 
     </span>
    </p>

    <p class='ocr_par' dir='ltr' id='par_1_9' title="bbox 294 3529 2413 3684">
     <span class='ocr_line' id='line_1_31' title="bbox 294 3529 2413 3598; baseline 0 -16"><span class='ocrx_word' id='word_1_231' title='bbox 294 3529 518 3582; x_wconf 80' lang='lat' dir='ltr'>Ariadne</span> <span class='ocrx_word' id='word_1_232' title='bbox 566 3530 645 3581; x_wconf 90' lang='lat'>111:</span> <span class='ocrx_word' id='word_1_233' title='bbox 692 3530 984 3598; x_wconf 67' lang='grc'>459-546,</span> <span class='ocrx_word' id='word_1_234' title='bbox 1040 3532 1229 3584; x_wconf 88' lang='lat' dir='ltr'>Phrixo</span> <span class='ocrx_word' id='word_1_235' title='bbox 1279 3534 1331 3583; x_wconf 81' lang='lat' dir='ltr'>et</span> <span class='ocrx_word' id='word_1_236' title='bbox 1375 3531 1524 3583; x_wconf 79' lang='lat' dir='ltr'>Helle</span> <span class='ocrx_word' id='word_1_237' title='bbox 1568 3531 1656 3584; x_wconf 89' lang='lat'>111:</span> <span class='ocrx_word' id='word_1_238' title='bbox 1699 3530 1995 3594; x_wconf 66' lang='lat' dir='ltr'>sai—876,</span> <span class='ocrx_word' id='word_1_239' title='bbox 2050 3530 2318 3583; x_wconf 86' lang='lat' dir='ltr'>Dioscuris</span> <span class='ocrx_word' id='word_1_240' title='bbox 2355 3533 2413 3583; x_wconf 89' lang='lat' dir='ltr'>V:</span> 
     </span>
     <span class='ocr_line' id='line_1_32' title="bbox 297 3616 2151 3684; baseline 0 -17"><span class='ocrx_word' id='word_1_241' title='bbox 297 3618 588 3683; x_wconf 78' lang='lat'>693—720,</span> <span class='ocrx_word' id='word_1_242' title='bbox 625 3618 924 3670; x_wconf 86' lang='lat' dir='ltr'>Leucothea</span> <span class='ocrx_word' id='word_1_243' title='bbox 963 3617 1044 3669; x_wconf 88' lang='lat' dir='ltr'>V1:</span> <span class='ocrx_word' id='word_1_244' title='bbox 1083 3618 1377 3684; x_wconf 70' lang='lat'>473—562,</span> <span class='ocrx_word' id='word_1_245' title='bbox 1415 3618 1698 3684; x_wconf 72' lang='lat' dir='ltr'>Hippolyto</span> <span class='ocrx_word' id='word_1_246' title='bbox 1734 3616 1816 3667; x_wconf 85' lang='lat' dir='ltr'>VI:</span> <span class='ocrx_word' id='word_1_247' title='bbox 1856 3617 2151 3669; x_wconf 69' lang='lat'>733—762.</span> 
     </span>
    </p>

    <p class='ocr_par' dir='ltr' id='par_1_10' title="bbox 366 3702 2420 3770">
     <span class='ocr_line' id='line_1_33' title="bbox 366 3702 2420 3770; baseline 0 -16"><span class='ocrx_word' id='word_1_248' title='bbox 366 3702 409 3765; x_wconf 82' lang='lat'>⁵)</span> <span class='ocrx_word' id='word_1_249' title='bbox 447 3704 525 3755; x_wconf 85' lang='lat' dir='ltr'>De</span> <span class='ocrx_word' id='word_1_250' title='bbox 561 3706 862 3757; x_wconf 82' lang='lat' dir='ltr'>nominibus</span> <span class='ocrx_word' id='word_1_251' title='bbox 902 3706 1162 3758; x_wconf 84' lang='lat' dir='ltr'>mensium</span> <span class='ocrx_word' id='word_1_252' title='bbox 1198 3705 1378 3770; x_wconf 89' lang='lat' dir='ltr'>plures</span> <span class='ocrx_word' id='word_1_253' title='bbox 1418 3705 1681 3757; x_wconf 84' lang='lat' dir='ltr'>interdum</span> <span class='ocrx_word' id='word_1_254' title='bbox 1722 3703 2008 3755; x_wconf 84' lang='lat' dir='ltr'>afferuntur</span> <span class='ocrx_word' id='word_1_255' title='bbox 2045 3707 2324 3757; x_wconf 66' lang='lat' dir='ltr'>sententia</span> <span class='ocrx_word' id='word_1_256' title='bbox 2361 3707 2420 3757; x_wconf 86' lang='lat' dir='ltr'>ut</span> 
     </span>
    </p>
   </div>
   <div class='ocr_carea' id='block_1_4' title="bbox 295 3790 2418 3943">
    <p class='ocr_par' dir='ltr' id='par_1_11' title="bbox 295 3790 2402 3943">
     <span class='ocr_line' id='line_1_34' title="bbox 295 3790 1521 3857; baseline -0.002 -13"><span class='ocrx_word' id='word_1_257' title='bbox 295 3790 360 3844; x_wconf 82' lang='lat' dir='ltr'>de</span> <span class='ocrx_word' id='word_1_258' title='bbox 399 3792 558 3856; x_wconf 79' lang='lat' dir='ltr'>Aprili</span> <span class='ocrx_word' id='word_1_259' title='bbox 594 3793 732 3857; x_wconf 78' lang='lat' dir='ltr'>duae,</span> <span class='ocrx_word' id='word_1_260' title='bbox 772 3792 840 3844; x_wconf 70' lang='lat' dir='ltr'>do</span> <span class='ocrx_word' id='word_1_261' title='bbox 880 3790 1016 3856; x_wconf 80' lang='lat' dir='ltr'>MaJ’o</span> <span class='ocrx_word' id='word_1_262' title='bbox 1059 3793 1113 3843; x_wconf 84' lang='lat' dir='ltr'>et</span> <span class='ocrx_word' id='word_1_263' title='bbox 1145 3791 1302 3848; x_wconf 80' lang='lat' dir='ltr'>Junio</span> <span class='ocrx_word' id='word_1_264' title='bbox 1338 3792 1521 3842; x_wconf 75' lang='lat' dir='ltr'>ternae.</span> 
     </span>
     <span class='ocr_line' id='line_1_35' title="bbox 361 3831 2418 3943; baseline 0 -14"><span class='ocrx_word' id='word_1_265' title='bbox 361 3876 415 3940; x_wconf 54' lang='grc' dir='ltr'>ὅ)</span> <span class='ocrx_word' id='word_1_266' title='bbox 452 3877 680 3943; x_wconf 87' lang='lat' dir='ltr'>Copiose</span> <span class='ocrx_word' id='word_1_267' title='bbox 736 3879 790 3928; x_wconf 85' lang='lat' dir='ltr'>et</span> <span class='ocrx_word' id='word_1_268' title='bbox 843 3881 1085 3929; x_wconf 84' lang='lat' dir='ltr'>accurat-e</span> <span class='ocrx_word' id='word_1_269' title='bbox 1140 3877 1516 3943; x_wconf 84' lang='lat' dir='ltr'>mythologiam</span> <span class='ocrx_word' id='word_1_270' title='bbox 1565 3878 1871 3940; x_wconf 81' lang='lat' dir='ltr'>cultumque</span> <span class='ocrx_word' id='word_1_271' title='bbox 1921 3876 2150 3942; x_wconf 76' lang='lat' dir='ltr'>explicat</span> <span class='ocrx_word' id='word_1_272' title='bbox 2194 3873 2336 3932; x_wconf 77' lang='lat' dir='ltr'>Jani</span> <span class='ocrx_word' id='word_1_273' title='bbox 2381 3831 2418 3930; x_wconf 87' lang='grc' dir='ltr'>Ι;</span> 
     </span>
    </p>
   </div>
  </div>
 </body>
</html>
