2792 4409
1292 233 1361 294 3⁴

268 396 771 479 tamorphoseon‚
821 396 1046 474 quibus
1087 397 1363 459 ultimam
1410 399 1617 462 limam
1662 401 1883 463 deesse
1924 402 2239 464 indicavit.
2294 402 2385 464 De

272 503 794 579 anachronismis,
861 506 963 585 qui
1028 507 1124 567 bis
1190 507 1363 568 libris
1430 510 1669 594 insunt,
1738 513 1988 591 copiose
2052 514 2388 591 disputavit

274 618 478 681 Gieri
494 618 661 695 gius
712 616 774 674 in
819 616 1178 694 praefatione
1221 621 1815 699 Metamorphosibus
1860 623 2202 700 praemissa.
2258 626 2385 685 Hos

275 737 475 790 autem
510 725 752 788 facilius
774 726 833 785 in
862 726 1084 787 fabulis
1108 744 1503 812 excusemu3‚
1532 731 1739 811 credo,
1766 749 1949 809 quam
1973 769 2056 780 -
2079 734 2156 793 de
2178 739 2296 810 qua
2324 734 2385 794 in

275 838 632 917 praefatione
665 835 762 894 illa
797 835 944 896 nihil
979 836 1227 895 affertur
1248 872 1331 883 -—
1356 839 1659 902 incuriam
1684 847 1743 901 et
1765 842 2226 926 obscuritatem,
2265 861 2387 920 qua

273 950 332 1010 in
373 942 803 1033 qeoyr'aphicia
847 963 1014 1024 saepe
1045 947 1347 1022 peccavit.
1393 948 1689 1026 Exempla
1723 957 1866 1009 sunt
1898 952 2137 1013 Metam.
2176 954 2220 1014 1:
2247 954 2388 1016 3¹3:

443 1059 705 1136 Separat
747 1055 976 1117 Aonios
1021 1054 1253 1117 Actaeia
1294 1058 1519 1119 Phocis
1561 1059 1640 1119 ab
1684 1059 1873 1142 arviS,

281 1168 386 1245 qui
449 1168 658 1249 locus,
733 1167 783 1226 si
852 1167 1110 1227 Ovidius
1173 1184 1388 1229 revera
1457 1167 1759 1230 ”Aeneis”
1826 1175 1979 1247 (non
2050 1171 2388 1250 ”Oetaeis²’)

282 1276 548 1359 scripsit,
596 1277 697 1336 vix
740 1276 857 1336 ullo
905 1277 1086 1337 modo
1133 1276 1426 1354 explicari
1469 1285 1690 1355 potest.

363 1388 513 1447 Tum
558 1388 658 1447 lV:
706 1388 846 1447 534:

444 1496 659 1556 lactari
706 1513 863 1573 quos
910 1496 1113 1557 cernis
1155 1496 1219 1557 in
1261 1492 1449 1558 Ionio
1492 1497 1815 1561 immenso.
2256 1550 2264 1557 .

274 1604 596 1666 Molestum
654 1612 748 1665 est
800 1606 941 1666 illud
1008 1604 1215 1678 Ionio,
1271 1622 1459 1681 quum
1516 1608 1623 1668 Ino
1681 1609 2052 1670 orchomeni
2106 1607 2395 1673 habitans

277 1715 339 1774 in
384 1714 592 1776 sinum
638 1716 1004 1777 Saronicum
1050 1733 1120 1777 se
1159 1713 1439 1792 injecerit
1481 1733 1742 1778 necesse
1786 1718 1864 1778 sit
1891 1717 1967 1794 ⁹).

442 1824 619 1885 Adde
673 1827 823 1887 Vlll:
882 1827 1234 1908 546-548,
1291 1825 1396 1885 ubi
1441 1823 1751 1888 Achelous
1797 1828 2034 1889 Theseo
2079 1830 2393 1909 Calydone

274 1934 553 1998 Athenas
594 1936 874 1996 redeunti
921 1934 1223 2011 objicitur.

445 2045 936 2124 Descriptionem
980 2045 1236 2125 itineris,
1293 2045 1458 2121 quod
1501 2048 1696 2108 Roma
1741 2049 1967 2110 Tomos
2010 2049 2173 2130 fecit,
2231 2051 2396 2112 haud

274 2174 465 2235 parva
513 2156 573 2216 in
621 2156 996 2218 obscuritate
1039 2155 1295 2236 versari,
1337 2153 1465 2233 J'am
1511 2173 1701 2234 supra
1744 2157 2011 2219 diximus
2040 2157 2117 2236 ¹).
2217 2162 2400 2223 Diffi-

282 2267 538 2327 cultates
584 2266 763 2326 etiam
811 2265 1210 2342 praebuerunt
1252 2265 1518 2329 narratio
1561 2268 1812 2330 Acoetae
1854 2269 2017 2346 apud
2061 2270 2397 2331 Pentheum

281 2376 551 2450 (Metam.
610 2377 708 2437 111:
766 2375 1231 2457 583—69⁴)²)‚
1290 2383 1350 2435 et
1402 2375 1608 2436 fabula
1664 2377 1744 2438 de
1795 2378 2002 2439 volatu
2054 2380 2284 2441 Daedali
2341 2388 2403 2441 et

276 2485 435 2546 Icari
483 2486 752 2564 (Metam.
799 2484 951 2544 vlu:
998 2484 1363 2560 aso-222)
1389 2483 1465 2561 ³).

425 2641 477 2705 θ)
514 2640 640 2692 Haec
680 2641 856 2692 fabula
905 2642 1085 2690 tamen
1131 2638 1274 2690 vario
1326 2637 1489 2689 modo
1536 2637 1680 2703 apud
1728 2639 2013 2705 scriptores
2053 2643 2261 2692 narrata
2299 2643 2398 2692 est.

282 2726 406 2779 Vid.
460 2724 603 2777 Fast.
655 2726 736 2777 VI:
793 2725 1085 2777 493—550.
1195 2722 1242 2788 ¹)
1276 2737 1399 2789 pag.
1438 2724 1520 2775 ⁴8.
1621 2723 1679 2791 ¹)
1714 2725 1774 2776 In
1817 2724 1922 2776 hoc
1955 2725 2074 2775 loco
2110 2726 2237 2777 illud
2276 2740 2402 2778 mo-

278 2814 479 2865 lestum
531 2814 630 2877 est,
680 2813 839 2878 quod,
887 2825 1049 2877 quum
1095 2811 1238 2862 unde
1272 2811 1424 2860 navis
1470 2823 1684 2875 egressa
1721 2811 1932 2861 sitnon
1969 2810 2183 2876 liqueat,
2227 2814 2407 2863 nautae

282 2897 527 2950 dicantur
570 2897 738 2949 Delon
782 2900 1029 2962 petentes
1075 2895 1240 2947 Chion
1284 2897 1501 2946 venisse
1537 2897 1592 2946 et
1625 2895 1750 2946 inde
1783 2895 2006 2961 profecti
2044 2895 2241 2959 (Delon
2281 2912 2407 2949 ver-

282 2982 445 3044 sus‘f)
510 2983 694 3035 Naxon
749 2984 934 3035 dextra
993 2982 1260 3033 habuisse.
1363 2982 1539 3043 Quare
1593 2981 1742 3032 multi
1795 2984 2139 3048 putaverunt,
2196 2998 2224 3035 e
2283 2986 2403 3037 sinu

279 3068 535 3121 Saronico
581 3069 847 3133 profectos
900 3064 996 3117 Cei
1038 3069 1192 3134 (qum
1237 3067 1411 3119 insula
1462 3067 1619 3119 etiam
1661 3063 1773 3120 Cea
1812 3070 1866 3119 et
1902 3082 1930 3120 a
1967 3069 2256 3121 Ptolemaeo
2294 3071 2409 3117 Kla

281 3154 555 3207 nominata
598 3156 848 3221 traditur)
894 3157 1105 3205 noctem
1150 3154 1474 3218 transegisse
1522 3157 1575 3205 et
1622 3158 1840 3219 postero
1881 3155 1966 3205 die
2002 3168 2032 3205 a
2066 3154 2272 3205 Baccho
2311 3168 2407 3206 ro-

279 3245 454 3307 gatos,
505 3242 563 3292 ut
605 3241 790 3292 Naxon
836 3240 1096 3304 peterent,
1142 3253 1325 3289 rursus
1370 3241 1424 3289 in
1472 3240 1646 3291 sinum
1684 3239 1991 3291 Saronicum
2028 3238 2142 3289 vela
2180 3238 2412 3301 dedisse.

281 3328 448 3379 Multo
506 3328 685 3377 tamen
741 3326 917 3391 aptius
969 3323 1095 3374 mibi
1147 3324 1371 3389 videtur,
1418 3324 1462 3374 si
1507 3325 1575 3375 ab
1621 3337 1714 3375 ora
1759 3325 1987 3375 Asiatica
2031 3323 2252 3388 profecti
2302 3325 2412 3376 Chii

281 3413 540 3478 putantur
592 3414 942 3476 pernoctasse
995 3412 1050 3461 et
1101 3412 1321 3476 postero
1376 3410 1479 3474 die,
1534 3422 1696 3475 quum
1751 3409 2021 3460 meridiem
2067 3423 2256 3460 versas
2305 3424 2411 3461 na-

282 3499 547 3564 vigantes,
604 3511 666 3549 eo
703 3498 1094 3563 pervenissent,
1147 3496 1238 3549 ubi
1292 3496 1481 3548 Naxon
1536 3496 1739 3563 dextra,
1796 3505 1942 3547 oram
1993 3496 2138 3547 Asiae
2192 3496 2410 3547 minoris

284 3584 500 3636 sinistra
550 3583 827 3647 haberent,
880 3583 967 3633 illa
1011 3583 1207 3633 omissa
1257 3581 1397 3634 hanc
1437 3583 1570 3634 velis
1614 3583 1849 3649 petiisse.
1965 3579 2019 3643 ⁸)
2055 3580 2190 3643 Quoe
2223 3583 2406 3633 tamen

287 3670 491 3722 facilius
531 3668 837 3732 explicatur,
875 3669 922 3717 si
958 3668 1032 3720 ita
1068 3669 1317 3733 legimus:

842 3799 851 3807 .
1081 3790 1094 3803 .
1136 3790 1148 3803 .
1179 3753 1287 3817 jam
1326 3753 1554 3804 Junonia
1588 3753 1723 3804 laeva

490 3839 646 3889 Parte
683 3837 874 3889 Samos
910 3866 977 3876 --
1016 3838 1221 3891 merant
1257 3839 1528 3902 Delosque
1560 3837 1831 3901 Parosque
1865 3836 2061 3887 relictae
2095 3861 2164 3875 ·--

487 3924 682 3976 Dextra
717 3923 1006 3976 Lebinthos
1044 3927 1194 3976 erant
1225 3924 1562 3992 fecundaque
1598 3923 1754 3977 melle
1787 3923 2057 3989 Calymne.
