2792 4409
1391 223 1465 281 to

384 384 650 464 wipiam
714 388 970 450 fortasse
1032 390 1302 471 videtur,
1372 387 1656 450 ovidium
1713 390 1751 449 Ι.
1807 389 1843 449 l.
1891 387 2122 466 judicia
2174 399 2462 452 centum-

264 518 267 521 ’
381 496 588 559 vitalia
646 516 681 558 a
735 498 987 578 privatis
1042 498 1379 580 seiungere.
1481 500 1657 573 Quod
1711 501 1874 562 idem
1931 503 2075 563 facit
2129 502 2342 563 Cicero
2386 502 2462 563 de

384 606 550 672 Orat.
594 610 638 671 l:
683 610 781 670 38.
866 612 993 673 Hoc
1056 613 1134 673 ita
1202 611 1569 696 intelligitur,
1625 628 1846 674 causas
1901 613 2076 697 tales,
2132 629 2272 690 quae
2324 604 2463 688 κατ’

382 710 613 805 ἕξυχήν
676 720 927 798 privatae
989 732 1048 785 et
1110 732 1315 787 essent
1368 732 1428 785 et
1482 724 1934 788 nominarentur
1988 734 2048 787 et
2099 742 2254 802 quas
2318 726 2355 787 l.
2425 726 2461 788 l.

385 830 597 896 Cicero
652 841 991 918 enumerat,
1053 852 1173 898 non
1229 836 1304 897 ad
1361 836 1679 898 universos
1734 837 2166 918 centumviros»,
2222 837 2331 899 sed
2387 838 2465 898 ad

382 951 614 1024 partem
681 946 982 1023 quandam
1049 948 1279 1026 collegii
1344 946 1556 1028 hujus,
1623 965 1718 1008 ex.
1786 964 1875 1026 gr.
1942 949 2019 1009 ad
2083 947 2466 1009 decemviros

385 1054 646 1120 stlitibus
673 1054 1022 1133 judicandis
1058 1060 1149 1119 vel
1178 1060 1252 1119 ed
1268 1057 1496 1135 judicia
1522 1059 1940 1137 quadruplicia
1964 1060 2197 1121 delatas
2221 1076 2358 1122 esse
2384 1058 2463 1139 ι).

385 1168 601 1230 Causae
644 1170 906 1232 minores
951 1187 1408 1248 nonnumquam
1449 1170 1525 1232 ab
1556 1190 1677 1233 uno
1704 1167 1909 1247 judice
1934 1168 2364 1248 judicabantur
2386 1173 2464 1249 2).

384 1282 677 1342 Prmterea
734 1298 955 1344 munus
1011 1282 1524 1344 centumvirorum
1579 1300 1696 1343 uno
1756 1300 1916 1344 anno
1962 1284 2272 1346 definitum
2316 1292 2467 1367 erat,

385 1392 494 1458 sed
559 1392 660 1469 qui
725 1392 879 1456 inter
942 1393 1075 1455 illos
1141 1395 1400 1478 fuerant,
1464 1394 1682 1456 iterum
1749 1394 1844 1455 vel
1908 1395 2133 1474 saepius
2192 1402 2472 1474 poterant

386 1501 633 1582 adiungi
657 1501 734 1582 ⁸).

546 1617 947 1701 DecemviriS,
993 1620 1068 1680 ad
1112 1636 1290 1704 quos,
1337 1625 1405 1679 ut
1449 1636 1641 1698 nuper
1685 1619 1970 1701 diximus,
2007 1618 2258 1696 privatae
2292 1618 2471 1680 etiam

388 1747 593 1794 causae
648 1729 862 1794 delatae
919 1731 1107 1792 fuisse
1160 1732 1460 1815 videntur,
1516 1733 1592 1792 ab
1636 1731 1911 1809 Augusto
1958 1730 2310 1791 mandatum
2357 1737 2470 1812 eet,

386 1850 454 1904 ut
519 1841 932 1906 centumviros
996 1852 1284 1923 cogerent
1304 1844 1383 1920 ⁴).
1481 1841 1733 1905 Judiciis
1789 1840 2349 1925 centumviralibus,
2422 1841 2471 1902 si

386 1955 635 2017 abesset
685 1961 928 2038 praetor,
984 1963 1285 2032 praeerant
1312 1954 1384 2033 5).
1487 1955 1594 2017 His
1634 1954 1695 2013 id
1733 1951 1888 2029 juris
1928 1953 2220 2032 praecipui
2269 1941 2476 2015 datum

386 2068 600 2150 fuisse,
665 2074 731 2130 ut
794 2066 871 2128 ab
935 2068 1243 2130 orchestra
1309 2066 1486 2130 iudos
1550 2073 1917 2148 spectarent,
1977 2065 2386 2143 comperimus
2440 2084 2475 2128 e

386 2181 546 2244 Fast.
590 2180 688 2243 IV:
735 2177 853 2242 377
899 2196 1033 2258 sqq.

552 2291 712 2351 Inter
778 2307 933 2367 quos
997 2299 1196 2353 autem
1262 2290 1615 2351 triumviros
1683 2289 1861 2350 fuerit
1922 2288 2208 2371 Ovidius»,
2275 2288 2477 2350 minus

389 2412 667 2482 apparet.
752 2404 939 2466 Erant
996 2403 1156 2466 enim
1211 2410 1271 2463 et
1320 2402 1617 2466 triumviri
1664 2398 1970 2486 capitales,
2016 2401 2117 2478 qui
2160 2401 2237 2460 de
2282 2399 2477 2461 servis

390 2514 862 2592 hominibusque
921 2515 1146 2578 infimae
1191 2515 1567 2578 condicionis
1603 2513 1703 2592 jus
1757 2515 2043 2575 dicebant
2095 2519 2277 2589 atque
2330 2527 2479 2572 car-

390 2627 550 2690 ceris
603 2626 1161 2705 suppliciorumque
1218 2644 1429 2688 curam
1486 2628 1810 2708 gerebant,
1865 2633 1925 2687 et
1975 2619 2321 2706 maetam,
2378 2624 2479 2700 qui

391 2755 540 2800 auro
585 2746 835 2817 argento
881 2738 986 2800 aeri
1029 2738 1228 2800 flando
1275 2739 1549 2801 feriando
1594 2745 1921 2822 praeerant,
1962 2746 2023 2799 et
2060 2734 2344 2799 nontin-m·
2361 2743 2479 2799 etc.

393 2849 617 2912 Docuit
678 2858 880 2914 tamen
936 2849 1468 2934 Massoniu36),
1530 2852 1629 2912 vix
1693 2867 1878 2929 posse
1942 2849 2090 2912 alios
2153 2846 2480 2925 significari

397 2980 580 3040 quam
617 2962 928 3044 capitales,
976 2963 1199 3041 quippe
1245 2962 1344 3038 qui
1382 2962 1588 3039 ”saepe
1622 2960 1973 3040 simpliciter
2005 2968 2065 3020 et
2097 2960 2332 3035 absque
2362 2957 2479 3019 ullo

389 3075 559 3138 titulo
617 3074 778 3153 apud
838 3073 1117 3150 antiquos
1169 3082 1452 3136 auctores
1505 3073 1783 3136 dicantur
1834 3072 2163 3154 triumviri,
2221 3071 2328 3133 sed
2386 3070 2481 3131 alii

390 3205 511 3250 non
583 3188 663 3248 ita
731 3184 964 3250 soleant
1028 3186 1142 3246 nisi
1211 3203 1347 3248 cum
1407 3185 1675 3247 muneris
1731 3185 1823 3247 eui
1891 3186 2050 3246 notis
2113 3181 2480 3261 designari”.

388 3300 554 3362 Idem
625 3304 791 3362 recte
855 3297 1307 3382 animadvertit,
1377 3298 1536 3375 quod
1605 3299 1713 3359 Dio
1782 3298 2036 3360 Cassius
2057 3296 2113 3368 ⁷)
2176 3294 2486 3355 memoriae

390 3410 675 3492 prodidit,
742 3417 804 3470 et
865 3409 1031 3474 hunc
1091 3409 1538 3472 triumviratum
1604 3416 1664 3470 et
1715 3409 2198 3470 decemviratum
2249 3414 2484 3486 partem

393 3523 582 3584 fuisse
635 3517 1096 3605 viyintiviratm,
1153 3520 1254 3597 qui
1309 3520 1386 3580 ad
1443 3527 1724 3581 senatum
1779 3520 2006 3599 gradus
2062 3527 2208 3581 erat.
2297 3520 2484 3580 ”Nam

534 3813 581 3879 ¹)
623 3813 722 3866 Cir.
759 3812 891 3864 Plin.
926 3812 1022 3877 Ep.
1058 3810 1230 3862 xvm.
1336 3808 1391 3871 ⁴²]
1428 3807 1592 3861 Lindf.
1629 3809 1836 3874 Antiqu.
1874 3820 1993 3872 pag.
2028 3807 2146 3857 228.
2247 3805 2296 3868 ⁸)
2333 3807 2368 3858 3
2391 3806 2487 3874 Ep.

392 3904 449 3956 V:
496 3903 582 3969 23,
630 3900 711 3952 24.
834 3898 891 3963 ⁴]
927 3897 1077 3953 Suet.
1115 3899 1245 3962 Aug.
1289 3910 1333 3950 e.
1379 3896 1606 3948 XXXVl.
1747 3897 1794 3957 θ)
1830 3896 1932 3948 Dio
1974 3895 2184 3947 Cassius
2236 3894 2327 3945 lib.
2366 3894 2489 3947 LIV.

391 3990 442 4057 θ)
477 3990 555 4042 Ad
590 4002 711 4041 ann.
748 3985 1053 4040 DCCXXXI.
1162 3985 1212 4051 7)
1247 3984 1282 4037 l.
1318 3984 1351 4035 l.
