2792 4409
1448 268 1522 327 46

606 428 815 488 Restat
871 444 942 489 ea
996 429 1225 513 opinio,
1289 432 1570 494 Ovidium
1627 436 1685 495 in
1734 435 1913 497 domo
1955 436 2210 516 Augusti
2255 456 2518 500 versan-

441 544 560 598 tem
626 539 711 599 rei
777 536 1091 616 cujusdam
1153 542 1412 621 insignis
1464 544 1732 607 infamiae
1785 554 1999 608 testem
2067 550 2295 611 factum
2356 567 2513 613 esse.

437 651 550 712 Vix
616 652 728 712 alio
796 651 973 713 modo
1032 653 1313 731 explicari
1369 664 1570 734 potest
1622 659 1783 735 quod
1827 660 1903 720 de
1949 661 2143 722 noxiis
2185 661 2520 724 luminibus

439 771 557 824 etc.
602 764 890 839 queritur.
936 767 1202 828 Fuerunt
1245 775 1469 851 autem,
1517 771 1615 845 qui
1666 770 1905 849 culpam
1943 773 2135 834 oculis
2160 774 2357 834 Ovidii
2383 775 2518 835 for—

435 877 582 937 tuito
626 877 889 939 oblatam
933 879 1203 958 Augusto
1246 880 1361 958 ipsi
1407 881 1672 943 tribuere
1717 884 2031 947 voluerint.
2127 887 2309 948 Fama
2355 887 2516 947 enim

437 989 636 1050 exisse
678 990 918 1073 dicitur,
964 1009 1102 1052 eum
1145 992 1316 1053 Juliae
1357 994 1494 1054 filiae
1538 1003 1813 1074 stuprum
1858 998 2149 1060 intulisse.
2249 999 2513 1077 Caligula

437 1110 620 1188 certe,
666 1111 732 1163 ut
791 1111 885 1163 est
937 1104 1096 1182 apud
1154 1104 1508 1165 Suetonium
1537 1104 1611 1189 ⁹),
1669 1124 1915 1167 narrare
1971 1109 2224 1194 solebat,
2281 1109 2511 1189 Agrip-

432 1216 658 1295 pinam,
704 1233 877 1277 suam
924 1223 1198 1298 matrem,
1258 1233 1331 1276 ex
1374 1218 1665 1279 adulterio
1710 1220 1961 1297 Augusti
2010 1239 2150 1281 cum
2194 1221 2345 1283 Julia
2393 1240 2513 1283 na-

433 1335 554 1387 tam
610 1343 766 1387 esse.
866 1328 983 1388 Sed
1041 1327 1139 1386 vix
1192 1327 1480 1389 indicium
1539 1330 1842 1414 Caligulae,
1901 1333 2162 1393 hominis
2207 1334 2340 1393 sine
2393 1334 2510 1395 ulla

432 1439 721 1517 religione
764 1457 836 1499 ac
879 1438 1022 1520 fide,
1068 1438 1351 1500 idoneum
1395 1458 1534 1501 esse
1579 1442 1815 1504 videtur
1849 1445 1923 1504 ad
1958 1446 2297 1524 Augustum
2334 1453 2516 1506 tantae
2589 1430 2596 1437 ’

434 1551 733 1612 foeditatis
778 1551 1288 1633 convincendum,
1336 1553 1413 1612 de
1455 1571 1568 1629 qua
1612 1555 1858 1617 historia
1897 1557 2040 1617 nihil
2072 1558 2317 1618 omnino
2342 1558 2512 1619 sciat.

431 1662 624 1747 Adde,
662 1665 819 1740 quod
854 1661 1006 1723 Julia
1033 1662 1449 1742 compluribus
1473 1666 1649 1726 annis
1687 1674 1822 1726 ante
1857 1667 2280 1746 relegationem
2318 1672 2512 1734 Ovidii

432 1776 845 1837 Pandatariam
892 1776 951 1836 in
999 1775 1273 1836 exsilium
1320 1776 1505 1837 missa
1552 1784 1697 1838 erat.
1778 1781 1979 1852 Quare
2018 1781 2111 1843 illa
2160 1801 2278 1845 non
2325 1784 2518 1863 potuit

430 1888 489 1949 in
545 1906 726 1949 causa
782 1905 941 1970 esse,
1001 1905 1108 1948 cur
1163 1889 1550 1948 damnaretur
1603 1896 1799 1966 poeta.
1888 1892 2094 1969 Neque
2140 1895 2512 1956 credendum

431 2008 544 2083 est,
601 2000 651 2059 si
710 2000 768 2059 in
825 2007 943 2060 tam
1003 1998 1191 2059 atroci
1236 1997 1467 2059 scelere
1510 2000 1818 2079 Augustus
1862 2003 2281 2081 deprehensus
2325 2013 2509 2089 esset,

431 2111 715 2172 Ovidium
761 2110 845 2171 rei
889 2109 1056 2184 illius*
1089 2109 1166 2170 ita
1212 2127 1375 2188 saepe
1423 2112 1785 2174 mentionem
1834 2114 2019 2175 fuisse
2064 2117 2384 2177 facturum.

590 2223 806 2285 Missos
862 2223 1039 2302 igitur
1095 2224 1142 2284 si
1199 2224 1459 2284 facimus
1504 2225 1839 2304 Augustum
1888 2233 1948 2285 et
1988 2225 2191 2310 filiam,
2240 2228 2511 2306 suspicio

427 2343 701 2396 remanet
751 2335 810 2395 in
865 2335 1040 2417 Julia,
1097 2334 1258 2413 nepti
1318 2335 1599 2419 Caesaris,
1647 2352 1783 2413 quae
1827 2355 1901 2398 ex
1943 2336 2206 2419 Agrippa
2257 2346 2316 2400 et
2356 2338 2518 2419 Julia,

400 2453 568 2508 nata
613 2452 759 2507 erat.
848 2446 1035 2528 Illam,
1094 2454 1283 2507 matre
1326 2447 1593 2531 dignam,
1638 2448 2005 2526 turpissimis
2050 2449 2399 2510 libidinibus
2442 2466 2510 2507 se

428 2559 674 2621 dedisse
730 2566 789 2620 et
839 2559 1084 2621 tandem
1129 2577 1182 2619 a.
1228 2559 1511 2621 DCCLXI
1555 2560 1612 2619 in
1661 2559 1920 2620 insulam
1967 2560 2303 2622 Trimerum
2349 2559 2509 2621 baud
2596 2558 2610 2568 ”

426 2672 637 2749 procul
692 2670 902 2749 Apulis
966 2671 1238 2732 litoribus
1292 2670 1621 2749 projectam
1686 2688 1845 2754 esse,
1901 2671 2149 2733 Tacitus
2203 2671 2513 2733 memoriae

429 2782 692 2862 prodidit
720 2783 791 2861 ¹).
895 2784 1059 2846 Idem
1114 2782 1386 2843 Silanum
1442 2784 1523 2844 ait
1563 2782 1622 2844 in
1669 2784 1833 2862 nepti
1875 2782 2128 2861 Augusti
2175 2783 2511 2843 adulterum

429 2897 618 2959 fuisse
644 2894 728 2972 2).
821 2898 1045 2979 Quare,
1104 2913 1288 2973 quum
1344 2902 1618 2974 tempora
1674 2896 1851 2956 etiam
1911 2897 2067 2955 bene
2122 2893 2506 2975 conveniant,

426 3010 588 3071 haud
643 3016 873 3069 temere
930 3008 1273 3085 complures
1326 3006 1550 3085 opinati
1606 3013 1766 3087 sunt,
1834 3005 2144 3086 Ovidium,
2212 3022 2398 3082 quum
2450 3005 2512 3065 in

425 3122 715 3185 adulterio
758 3119 972 3181 Juliam
1021 3117 1543 3201 deprehendisset,
1583 3135 1613 3178 a
1654 3117 1895 3180 Caesare
1934 3118 2083 3181 irato
2126 3118 2185 3177 in
2234 3118 2511 3179 exsilium

427 3232 681 3311 ejectum
729 3250 886 3294 esse.
949 3232 1143 3304 Quam
1187 3228 1533 3309 opinionem
1577 3245 1767 3306 quum
1812 3248 1923 3309 ego
1968 3248 2087 3291 non
2132 3230 2507 3309 impugnem,

425 3354 685 3407 attamen
751 3346 885 3405 baec
948 3344 1199 3422 insuper
1261 3341 1407 3403 libet
1468 3341 1712 3403 addere.
1818 3343 1946 3402 Non
2018 3340 2231 3422 potuit,
2289 3340 2339 3400 si
2395 3355 2508 3417 ego

426 3458 566 3536 quid
606 3456 835 3539 judico,
880 3463 1044 3517 tanta
1087 3472 1280 3533 poena
1327 3453 1486 3514 affici
1530 3453 1784 3513 Ovidius
1828 3468 1959 3512 eam
2010 3451 2198 3511 solam
2235 3452 2313 3513 ob
2351 3465 2506 3511 cau-

426 3587 580 3651 sam,
641 3568 801 3646 quod
856 3567 1143 3646 flagitium
1187 3564 1354 3626 vidit.
1438 3565 1711 3637 Nomina,
1756 3580 1891 3640 quae
1937 3564 2067 3641 ipse
2113 3563 2345 3624 crimini
2394 3573 2502 3618 suo

426 3680 701 3763 imponit,
748 3699 939 3752 mor,
981 3675 1183 3750 timor,
1227 3672 1497 3748 stultitia,
1541 3682 1747 3753 aperte
1780 3674 2073 3758 indicant,
2113 3672 2347 3750 culpam
2384 3685 2505 3728 non

424 3794 484 3854 in
532 3790 794 3852 videndo
839 3789 1056 3872 solum,
1102 3788 1208 3849 sed
1256 3787 1437 3848 etiam
1480 3788 1538 3849 in
1576 3787 2022 3865 quodammodo
2058 3785 2292 3864 agendo
2330 3781 2510 3842 sitam

564 4037 612 4102 ⁹)
648 4035 807 4101 Calig-
841 4048 956 4101 cap.
994 4034 1171 4087 XXIII.
1282 4031 1331 4097 ¹)
1368 4032 1503 4084 Ann.
1539 4031 1618 4084 IV:
1667 4033 1753 4082 7⁴.
1860 4029 1908 4093 ²)
1946 4030 2077 4080 Anu.
2113 4025 2193 4077 111:
2234 4023 2321 4077 24.
