2792 4409
1363 120 1553 218 ιε’

344 322 754 401 praecellentis
783 323 860 406 θ),
932 321 1106 402 cujus
1164 322 1319 386 bella
1374 329 1438 382 et
1489 321 1703 384 laudes
1767 339 2232 400 nonnumquam
2287 324 2466 386 cele-

346 433 483 498 brat
505 431 588 512 ⁷).
2312 513 2319 518 ,

512 547 719 618 Quare
789 544 1110 607 dimidium
1179 543 1361 606 modo
1425 560 1656 605 annum
1722 543 1981 608 Ovidius
2039 545 2468 631 descripserit,

345 671 573 718 numve
628 656 705 717 de
761 656 984 718 ceteris
1040 672 1284 733 quoque
1342 654 1662 716 mensibus
1719 654 2071 737 scripserit,
2141 654 2258 719 no'n
2319 659 2468 720 edi-

344 766 522 848 derit,
567 783 785 844 parum
830 767 1037 843 liquet.

1176 961 1246 1020 ll.
1335 960 1621 1040 megiales.

429 1100 483 1160 4.
572 1094 900 1162 Heroides.

508 1210 638 1272 Hoc
693 1209 846 1271 libro
903 1209 1289 1270 continentur
1346 1210 1620 1288 epistoloe
1673 1212 1810 1272 XXI
1866 1210 1941 1270 ad
1996 1216 2262 1294 aetatem,
2321 1229 2467 1289 quae

342 1320 592 1381 heroica
638 1320 881 1402 dicitur,
928 1321 1134 1381 relatae
1167 1329 1228 1383 et
1260 1323 1338 1383 ab
1375 1321 1726 1384 amantibus
1763 1321 1839 1382 ad
1875 1327 2110 1382 amatos
2144 1331 2465 1387 amatasve

344 1431 570 1492 missae.
660 1432 814 1493 Tres
871 1432 1050 1496 modo
1108 1431 1369 1509 juvenes
1413 1432 1653 1514 puellis,
1701 1440 1938 1493 ceteras
1984 1432 2271 1493 mulieres
2315 1451 2463 1496 ma-

342 1540 472 1601 ritis
526 1540 621 1601 vel
677 1542 916 1603 dilectis
981 1543 1312 1622 scripsisse
1376 1543 1758 1604 simulantur.
1866 1544 1930 1603 In
1995 1543 2222 1619 quibus
2277 1561 2459 1606 suum

342 1666 614 1712 amorem
661 1653 1024 1714 confitentur
1050 1652 1133 1737 ⁸),
1181 1653 1258 1713 de
1293 1654 1573 1716 absentia
1612 1653 1972 1716 dilectorum
2009 1664 2347 1730 queruntur
2379 1656 2459 1740 ⁹),

342 1762 420 1823 de
464 1762 660 1825 salute
703 1780 912 1824 eorum
962 1765 1180 1825 timent
1211 1764 1287 1844 ¹),
1346 1765 1425 1824 de
1467 1764 1587 1826 fide
1645 1763 1925 1824 dubitant
1980 1764 2078 1824 vel
2140 1766 2458 1844 perfidiam

344 1881 645 1941 accusant
666 1875 761 1956 2),
828 1891 898 1936 se
963 1875 1244 1951 quamvis
1310 1874 1663 1936 sollicitatas
1728 1874 1910 1936 fidem
1968 1891 2218 1936 servare
2283 1879 2459 1939 affir-

342 1990 513 2044 mant
541 1981 622 2065 ⁸),
677 1991 857 2045 crant
912 1985 1178 2063 denique
1232 1991 1320 2067 ut,
1367 2001 1552 2061 quam
1597 1986 1863 2063 primum
1908 1986 2034 2047 fieri
2080 1987 2299 2069 possit,
2346 2005 2460 2047 re-

343 2101 662 2155 vertantur
684 2092 768 2178 4).
881 2097 1005 2157 Sed
1071 2113 1259 2174 quum
1303 2095 1703 2157 dissimillima
1760 2096 1819 2157 in
1881 2094 2244 2157 condicione
2286 2097 2458 2158 scri-
2536 2147 2540 2151 .

340 2205 559 2266 bentes
628 2214 981 2291 versentur,
1061 2224 1277 2285 magna
1346 2207 1489 2266 inde
1553 2222 1759 2266 rerum
1837 2208 2102 2268 varietas
2180 2208 2459 2270 efficitur.

338 2316 640 2378 Praeterea
720 2317 818 2377 hae
890 2317 1166 2394 epistolae
1229 2326 1293 2377 et
1350 2317 1609 2377 scientia
1689 2316 2076 2396 mythologiae
2148 2318 2456 2395 totiusque

343 2426 721 2504 antiquitatis
778 2426 1091 2489 abundant
1137 2435 1195 2488 et
1239 2426 1444 2488 subtili
1490 2427 1711 2488 mentis
1755 2429 2041 2489 humanae
2085 2429 2453 2506 cognitione.

340 2536 546 2613 Ipsum
614 2538 926 2598 scribendi
994 2555 1191 2616 genus
1256 2544 1351 2598 est
1403 2538 1714 2619 festivum,
1773 2538 2109 2600 luminibus
2164 2540 2458 2602 orationis

341 2646 588 2724 optimis
647 2647 1023 2709 distinctum.
1121 2650 1327 2720 Quare
1381 2649 1480 2710 hae
1536 2649 1809 2726 epistolae
1853 2667 1886 2711 a
1933 2651 2235 2728 scriptore
2289 2667 2457 2728 quo-

342 2757 488 2818 dam
533 2757 714 2819 dictae
758 2766 902 2819 sunt
946 2760 1217 2819 omnium
1266 2759 1466 2820 Ovidii
1513 2759 1803 2820 librorum
1839 2760 2217 2838 politissimae
2252 2771 2312 2822 et
2341 2762 2455 2824 flos

342 2867 661 2946 elegantiae
719 2872 1033 2934 Romanas.
1117 2871 1325 2947 Neque
1369 2877 1574 2931 tamen
1621 2869 1739 2931 inae
1782 2869 1978 2948 magis
2023 2887 2205 2945 quam
2254 2878 2455 2933 cetera

339 2979 604 3042 Nasonis
651 2981 846 3041 naevis
892 2987 1127 3062 carent,
1175 2997 1294 3058 qua
1341 2980 1419 3040 de
1463 2998 1530 3040 re
1586 2997 1771 3059 supra
1830 2979 2116 3041 diximus,
2205 2982 2297 3043 Ad
2342 2984 2457 3044 bos

341 3089 583 3152 accedit
636 3090 819 3151 etiam
879 3090 1111 3151 crimen
1168 3090 1328 3150 haud
1386 3090 1568 3167 plane
1611 3089 2005 3173 immeritum,
2053 3093 2217 3168 quod
2262 3095 2459 3172 magis

340 3199 418 3260 ad
467 3199 776 3262 mollitiem
821 3205 882 3262 et
924 3197 1245 3261 delicatam
1289 3200 1473 3260 vitam
1521 3199 1616 3261 sui
1672 3201 1863 3262 seculi
1919 3219 2101 3278 quam
2147 3203 2222 3263 ad
2269 3203 2459 3265 robur

340 3308 918 3390 simplicitatemque
964 3310 1337 3388 antiquitatis
1383 3309 1641 3372 Ovidius
1685 3327 1792 3372 eas
1835 3313 2412 3375 accommodaverit.

479 3535 533 3600 ⁶)
571 3535 786 3588 Sueton.
843 3536 1001 3600 Calig.
1063 3535 1147 3586 111.
1204 3535 1323 3585 Tac.
1381 3535 1516 3586 Anu.
1568 3535 1626 3586 11:
1684 3534 1770 3585 73.
1902 3534 2468 3604 ⁷)512277—288311

338 3624 560 3676 tls-⁴9.
678 3621 727 3681 θ)
765 3622 858 3673 Ex.
911 3620 1131 3674 Phaedra
1178 3620 1476 3686 Hippolyto.
1523 3620 1622 3686 Ep.
1658 3621 1739 3672 IV.
1866 3621 1920 3686 ⁹)
1955 3621 2049 3673 Ex.
2088 3622 2357 3688 Penelope
2394 3623 2463 3675 de

337 3709 494 3764 Ulixi.
530 3709 625 3775 Ep.
663 3709 700 3759 1.
768 3708 846 3771 ·¹)
881 3709 957 3760 Id.
1055 3707 1110 3770 ²)
1152 3706 1264 3758 Hoc
1302 3710 1668 3773 argumentum
1705 3709 1757 3762 in
1795 3709 2035 3775 epistolis
2070 3709 2308 3774 plurimis
2343 3712 2464 3762 tra-

336 3799 525 3861 ctatur,
577 3808 752 3860 neque
799 3796 1003 3859 mirum,
1056 3806 1217 3857 quum
1257 3796 1468 3860 scriptae
1504 3795 1632 3848 sunt
1667 3807 1695 3846 a
1731 3795 1885 3861 Dida,
1922 3796 2166 3861 Ariadne,
2201 3796 2464 3863 Deianira,
2518 3813 2523 3818 ·

334 3882 522 3935 Medea
561 3885 658 3933 etc.
774 3880 820 3943 ³)
858 3880 953 3931 Ex.
989 3881 1181 3931 Briseis
1222 3881 1403 3932 Achilli
1438 3881 1532 3946 Ep.
1572 3881 1650 3932 111.
1758 3882 1808 3945 ⁴)
1847 3883 1921 3934 Id.
