2792 4409
1338 376 1436 439 111.

498 493 780 551 Attamen
830 507 951 549 non
996 489 1050 548 is
1095 505 1259 572 sum,
1303 489 1407 565 qui
1452 507 1696 571 negem,
1722 505 1909 566 posse
1951 488 2008 547 in
2047 488 2262 549 eodem
2299 489 2453 549 libro

337 600 453 661 alia
511 608 650 678 apta
707 616 848 660 esse
901 598 1134 680 pueriS,
1196 598 1311 659 alia
1357 616 1476 659 non
1524 604 1686 675 apta.
1771 595 1959 674 Cujus
2004 598 2091 657 rei
2137 598 2186 657 si
2233 615 2456 658 exem-

336 710 504 788 plum
562 708 808 792 petitur,
865 709 967 769 vix
1021 708 1218 786 magis
1277 707 1566 769 idoneum
1622 708 1898 768 invenire
1956 724 2210 785 possum
2271 724 2455 784 quam

337 818 527 879 libros
574 820 773 879 Ovidii
816 818 1410 895 Metamorphoseon.
1486 817 1564 877 Ut
1606 818 1768 878 enim
1814 817 1928 877 hos
1971 818 2159 877 libros
2205 817 2454 895 dignis-

339 929 530 989 simos
590 926 823 1011 judico,
890 929 1117 1005 quibus
1181 927 1242 986 in
1311 927 1539 987 scholis
1593 935 1859 1009 utamur,
1918 927 2010 987 sic
2064 928 2124 986 in
2171 926 2245 986 iis
2290 926 2452 985 haud

339 1054 536 1115 pauca
583 1038 888 1120 inveniaS,
937 1055 1076 1115 quae
1119 1036 1196 1097 ab
1244 1036 1440 1097 oculis
1485 1054 1819 1114 puerorum
1855 1037 2123 1097 amoveri
2161 1045 2456 1115 oporteat.

343 1142 548 1219 Quid?
611 1155 678 1207 ut
742 1149 856 1209 alia
923 1149 1218 1231 omittam,
1276 1147 1519 1224 impura
1575 1146 1669 1207 illa
1730 1154 1911 1223 atque
1967 1146 2262 1230 obscena,
2319 1164 2458 1225 quae

343 1257 532 1317 multa
576 1264 636 1317 et
678 1258 847 1320 varia
892 1257 953 1317 in
999 1256 1597 1335 Metamorphosibus
1643 1263 1999 1337 occurrunt,
2047 1272 2252 1316 nonne
2296 1256 2460 1316 omni

342 1366 545 1427 studio
588 1367 650 1426 in
698 1367 924 1428 sobolis
968 1374 1112 1427 sunt
1156 1361 1485 1427 evitanda?
1530 1367 1733 1439 Quare
1766 1364 2016 1425 selectio
2041 1367 2455 1426 narrationum

346 1476 627 1538 facienda
672 1485 788 1559 est,
836 1477 1082 1538 selectae
1125 1494 1269 1537 vero
1315 1477 1569 1554 integrae
1613 1476 1969 1536 retinendae.

1344 1668 1445 1728 IV.

510 1804 577 1866 ln
635 1805 881 1884 scriptis
935 1812 1237 1886 veterum,
1291 1806 1596 1882 imprimis
1652 1813 1997 1888 poetarum,
2058 1807 2130 1867 ad
2187 1813 2463 1867 nostram

348 1913 619 1992 linguam
675 1916 1141 1998 transferendis,
1204 1916 1323 1976 hoc
1380 1915 1700 1992 diligenter
1754 1923 2055 1998 teneatur,
2114 1922 2201 1998 ut,
2259 1916 2463 1993 quoad

347 2024 478 2086 fieri
544 2025 761 2106 possit,
831 2025 906 2085 ad
971 2025 1247 2088 verbum,
1286 2026 1509 2087 omnia
1564 2025 2002 2103 exprimantur.
2106 2026 2462 2109 Conversio,

346 2147 495 2212 qua,
524 2151 753 2196 sensus
811 2136 1005 2198 modo·
1049 2135 1388 2217 scriptoriS,
1447 2155 1570 2197 nom
1626 2137 1817 2197 verba
1876 2136 2058 2195 etiam
2104 2137 2463 2218 redduntur,

349 2242 419 2310 iu
475 2243 850 2308 institutione
913 2246 1129 2323 puerili
1195 2253 1299 2308 aut
1369 2247 1619 2308 omnino
1671 2254 1781 2306 ‘est
1842 2244 2171 2321 rejicienda
2227 2254 2336 2307 aut
2385 2246 2466 2305 ita

349 2353 685 2436 toleranda,
742 2361 830 2437 ut,
891 2356 942 2415 si
998 2356 1400 2432 postulaverit
1453 2355 1767 2417 dissimilis
1810 2356 2155 2434 linguarum
2205 2355 2463 2436 indoleS,

347 2462 708 2524 adhibeatur
773 2483 1234 2542 nonnumquam
1281 2473 1453 2549 tunc,
1500 2483 1688 2543 quum
1736 2466 1945 2527 stricta
1991 2466 2085 2528 illa
2133 2465 2463 2527 verborum

350 2575 667 2650 expressio
711 2585 1087 2654 antegressa.
1113 2576 1210 2635 sit.
1244 2587 1249 2594 “

1366 2770 1440 2829 V.

432 2915 479 2971 ’,
516 2905 942 2969 In.tradendis
987 2906 1316 2985 praeoe-ptis
1373 2908 1952 2989 Grammaticorum,
1999 2922 2138 2983 quae
2180 2904 2256 2964 ad
2304 2920 2468 2980 syn-

348 3016 514 3078 taxin
568 3017 908 3099 ,pei-tinent,
975 3035 1093 3078 non
1160 3017 1220 3077 in
1289 3034 1361 3078 eo
1413 3018 1689 3078 maxime
1744 3016 2181 3077 elaborandum
2239 3022 2354 3096 est,
2401 3023 2468 3073 ut

348 3126 664 3188 memoriae
725 3145 1053 3205 puerorum
1123 3128 1329 3192 omnia
1400 3128 1754 3208 infigantur,
1823 3127 1930 3186 sed
2002 3126 2187 3186 multo
2248 3123 2466 3206 magis,

346 3243 416 3298 ut
459 3244 663 3298 mente
703 3236 817 3297 rite
861 3238 1293 3315 intelligantur.
1399 3239 1604 3309 Quare
1647 3237 1795 3297 mihi
1841 3255 1961 3296 non
2006 3236 2208 3313 placet
2251 3250 2464 3293 eorum

352 3348 757 3429 consuetudo,
817 3347 917 3424 qui
976 3348 1307 3430 postulant,
1370 3355 1439 3407 ut
1502 3348 1778 3425 exempla
1846 3346 1921 3406 ad
1990 3343 2228 3419 singula
2292 3359 2469 3420 prae-

350 3461 531 3532 cepta
575 3471 608 3514 a
655 3458 1053 3532 grammatico
1101 3458 1366 3536 quodam
1414 3455 1701 3534 adjuncta
1744 3455 1919 3533 pueri
1964 3454 2244 3515 ediscant
2288 3460 2468 3527 atque

348 3564 627 3626 recitent.
728 3567 953 3628 Contra
1010 3584 1083 3627 ea
1140 3586 1240 3628 me
1294 3584 1631 3644 numquam
1686 3564 1984 3645 poenituit
2035 3581 2178 3624 eum
2234 3576 2465 3622 morem

351 3674 550 3753 sequi,
598 3680 664 3734 ut
705 3692 880 3756 puer,
927 3685 1238 3753 praecepto
1275 3678 1527 3738 recitato
1555 3683 1738 3753 atque
1762 3676 2084 3757 explicato,
2122 3671 2471 3749 exemplum

345 3804 383 3845 a
431 3804 503 3846 se
542 3788 676 3864 ipso
724 3786 1153 3862 depromptum
1196 3787 1341 3847 edat
1383 3803 1672 3847 sermone
1726 3788 2082 3866 vernaculo,
2148 3792 2274 3842 tum
2322 3801 2468 3843 ma·-

349 3892 560 3976 gistr0,
607 3895 655 3955 si
703 3913 859 3973 opus
905 3902 1018 3977 est,
1068 3894 1399 3972 adjuvante
1444 3897 1504 3956 in
1551 3897 1821 3974 linguam
1869 3897 2140 3959 alienam
2173 3900 2391 3954 vertat.
