<?xml version="1.0" encoding="UTF-8"?>
<!DOCTYPE html PUBLIC "-//W3C//DTD XHTML 1.0 Transitional//EN"
    "http://www.w3.org/TR/xhtml1/DTD/xhtml1-transitional.dtd">
<html xmlns="http://www.w3.org/1999/xhtml" xml:lang="en" lang="en">
 <head>
  <title>
</title>
<meta http-equiv="Content-Type" content="text/html;charset=utf-8" />
  <meta name='ocr-system' content='tesseract 3.04.00' />
  <meta name='ocr-capabilities' content='ocr_page ocr_carea ocr_par ocr_line ocrx_word'/>
</head>
<body>
  <div class='ocr_page' id='page_1' title='image "adlibrospovidii00unkngoog_0062.png"; bbox 0 0 2792 4409; ppageno 0'>
   <div class='ocr_carea' id='block_1_1' title="bbox 1326 265 1404 323">
    <p class='ocr_par' dir='ltr' id='par_1_1' title="bbox 1326 265 1404 323">
     <span class='ocr_line' id='line_1_1' title="bbox 1326 265 1404 323; baseline 0.013 -1"><span class='ocrx_word' id='word_1_1' title='bbox 1326 265 1404 323; x_wconf 69' lang='lat'>52</span> 
     </span>
    </p>
   </div>
   <div class='ocr_carea' id='block_1_2' title="bbox 305 426 2434 2277">
    <p class='ocr_par' dir='ltr' id='par_1_2' title="bbox 305 426 2434 621">
     <span class='ocr_line' id='line_1_2' title="bbox 307 426 2434 506; baseline 0 -19"><span class='ocrx_word' id='word_1_2' title='bbox 307 427 615 506; x_wconf 87' lang='lat' dir='ltr'><strong>imposuit.</strong></span> <span class='ocrx_word' id='word_1_3' title='bbox 661 428 1100 491; x_wconf 84' lang='lat' dir='ltr'>Callimachum</span> <span class='ocrx_word' id='word_1_4' title='bbox 1146 432 1350 490; x_wconf 88' lang='lat' dir='ltr'>autem</span> <span class='ocrx_word' id='word_1_5' title='bbox 1396 426 1655 488; x_wconf 90' lang='lat' dir='ltr'>Ovidius</span> <span class='ocrx_word' id='word_1_6' title='bbox 1700 444 1971 504; x_wconf 88' lang='lat' dir='ltr'>sequens</span> <span class='ocrx_word' id='word_1_7' title='bbox 2018 444 2129 488; x_wconf 90' lang='lat' dir='ltr'>suo</span> <span class='ocrx_word' id='word_1_8' title='bbox 2183 444 2434 506; x_wconf 84' lang='lat' dir='ltr'>quoque</span> 
     </span>
     <span class='ocr_line' id='line_1_3' title="bbox 305 536 1306 621; baseline 0.002 -24"><span class='ocrx_word' id='word_1_9' title='bbox 305 537 555 600; x_wconf 88' lang='lat' dir='ltr'>inimico</span> <span class='ocrx_word' id='word_1_10' title='bbox 601 540 718 601; x_wconf 87' lang='lat' dir='ltr'>hoc</span> <span class='ocrx_word' id='word_1_11' title='bbox 764 556 986 600; x_wconf 91' lang='lat' dir='ltr'>nomen</span> <span class='ocrx_word' id='word_1_12' title='bbox 1034 538 1201 599; x_wconf 81' lang='lat' dir='ltr'><strong>dedit</strong></span> <span class='ocrx_word' id='word_1_13' title='bbox 1230 536 1306 621; x_wconf 86' lang='lat'>¹).</span> 
     </span>
    </p>

    <p class='ocr_par' dir='ltr' id='par_1_3' title="bbox 308 647 2428 1149">
     <span class='ocr_line' id='line_1_4' title="bbox 473 647 2427 711; baseline 0.001 -3"><span class='ocrx_word' id='word_1_14' title='bbox 473 651 662 710; x_wconf 90' lang='lat' dir='ltr'>Totus</span> <span class='ocrx_word' id='word_1_15' title='bbox 708 650 808 709; x_wconf 90' lang='lat' dir='ltr'>hic</span> <span class='ocrx_word' id='word_1_16' title='bbox 854 649 1095 711; x_wconf 88' lang='lat' dir='ltr'>libellus</span> <span class='ocrx_word' id='word_1_17' title='bbox 1138 655 1455 710; x_wconf 78' lang='lat' dir='ltr'>auctorem</span> <span class='ocrx_word' id='word_1_18' title='bbox 1508 647 1740 709; x_wconf 87' lang='lat' dir='ltr'>indicat</span> <span class='ocrx_word' id='word_1_19' title='bbox 1783 648 2082 710; x_wconf 85' lang='lat' dir='ltr'>acerrimo</span> <span class='ocrx_word' id='word_1_20' title='bbox 2128 650 2270 711; x_wconf 89' lang='lat' dir='ltr'>odio</span> <span class='ocrx_word' id='word_1_21' title='bbox 2314 651 2427 710; x_wconf 86' lang='lat' dir='ltr'>in·-</span> 
     </span>
     <span class='ocr_line' id='line_1_5' title="bbox 308 757 2428 842; baseline 0.001 -24"><span class='ocrx_word' id='word_1_22' title='bbox 308 774 588 842; x_wconf 88' lang='lat' dir='ltr'>censum,</span> <span class='ocrx_word' id='word_1_23' title='bbox 647 761 755 821; x_wconf 90' lang='lat' dir='ltr'>sed</span> <span class='ocrx_word' id='word_1_24' title='bbox 804 760 1066 820; x_wconf 83' lang='lat' dir='ltr'>fractum</span> <span class='ocrx_word' id='word_1_25' title='bbox 1103 757 1231 836; x_wconf 78' lang='lat' dir='ltr'>iam</span> <span class='ocrx_word' id='word_1_26' title='bbox 1275 759 1534 819; x_wconf 76' lang='lat' dir='ltr'>viribus·</span> <span class='ocrx_word' id='word_1_27' title='bbox 1623 760 1689 819; x_wconf 92' lang='lat' dir='ltr'>In</span> <span class='ocrx_word' id='word_1_28' title='bbox 1738 776 1838 842; x_wconf 87' lang='lat' dir='ltr'>eo,</span> <span class='ocrx_word' id='word_1_29' title='bbox 1883 759 1936 820; x_wconf 89' lang='lat' dir='ltr'>si</span> <span class='ocrx_word' id='word_1_30' title='bbox 1981 776 2180 837; x_wconf 87' lang='lat' dir='ltr'>pauca</span> <span class='ocrx_word' id='word_1_31' title='bbox 2225 778 2428 822; x_wconf 84' lang='lat' dir='ltr'>exce·-</span> 
     </span>
     <span class='ocr_line' id='line_1_6' title="bbox 309 868 2425 954; baseline 0.001 -25"><span class='ocrx_word' id='word_1_32' title='bbox 309 868 497 951; x_wconf 86' lang='lat' dir='ltr'>peris,</span> <span class='ocrx_word' id='word_1_33' title='bbox 554 871 716 931; x_wconf 85' lang='lat' dir='ltr'>nulla</span> <span class='ocrx_word' id='word_1_34' title='bbox 761 878 855 931; x_wconf 91' lang='lat' dir='ltr'>est</span> <span class='ocrx_word' id='word_1_35' title='bbox 898 870 1185 952; x_wconf 80' lang='lat' dir='ltr'>dignitaS,</span> <span class='ocrx_word' id='word_1_36' title='bbox 1232 868 1395 929; x_wconf 89' lang='lat' dir='ltr'>nulla</span> <span class='ocrx_word' id='word_1_37' title='bbox 1438 869 1779 952; x_wconf 86' lang='lat' dir='ltr'>urbanitas,</span> <span class='ocrx_word' id='word_1_38' title='bbox 1825 869 2029 929; x_wconf 89' lang='lat' dir='ltr'>nullus</span> <span class='ocrx_word' id='word_1_39' title='bbox 2071 869 2266 954; x_wconf 86' lang='lat' dir='ltr'>lepor,</span> <span class='ocrx_word' id='word_1_40' title='bbox 2313 873 2425 931; x_wconf 89' lang='lat' dir='ltr'>sed</span> 
     </span>
     <span class='ocr_line' id='line_1_7' title="bbox 308 977 2427 1098; baseline 0.002 -61"><span class='ocrx_word' id='word_1_41' title='bbox 308 977 448 1039; x_wconf 89' lang='lat' dir='ltr'>bilis</span> <span class='ocrx_word' id='word_1_42' title='bbox 491 986 759 1065; x_wconf 90' lang='lat' dir='ltr'>tumens,</span> <span class='ocrx_word' id='word_1_43' title='bbox 817 982 1071 1064; x_wconf 82' lang='lat' dir='ltr'>duritaS,</span> <span class='ocrx_word' id='word_1_44' title='bbox 1120 980 1391 1041; x_wconf 85' lang='lat' dir='ltr'>dirarum</span> <span class='ocrx_word' id='word_1_45' title='bbox 1439 981 1823 1041; x_wconf 81' lang='lat' dir='ltr'>coacervatio</span> <span class='ocrx_word' id='word_1_46' title='bbox 1868 997 2070 1057; x_wconf 88' lang='lat' dir='ltr'>usque</span> <span class='ocrx_word' id='word_1_47' title='bbox 2112 982 2191 1042; x_wconf 89' lang='lat' dir='ltr'>ad</span> <span class='ocrx_word' id='word_1_48' title='bbox 2237 982 2427 1098; x_wconf 84' lang='lat' dir='ltr'>fasti-</span> 
     </span>
     <span class='ocr_line' id='line_1_8' title="bbox 309 1088 498 1150; baseline 0.006 -2"><span class='ocrx_word' id='word_1_49' title='bbox 309 1088 498 1150; x_wconf 87' lang='lat' dir='ltr'>dium.</span> 
     </span>
    </p>

    <p class='ocr_par' dir='ltr' id='par_1_4' title="bbox 305 1199 2420 1387">
     <span class='ocr_line' id='line_1_9' title="bbox 473 1199 2420 1283; baseline 0.001 -23"><span class='ocrx_word' id='word_1_50' title='bbox 473 1200 569 1260; x_wconf 83' lang='lat' dir='ltr'>Ab</span> <span class='ocrx_word' id='word_1_51' title='bbox 627 1201 846 1262; x_wconf 91' lang='lat' dir='ltr'>Ovidio</span> <span class='ocrx_word' id='word_1_52' title='bbox 902 1200 1113 1261; x_wconf 84' lang='lat' dir='ltr'><strong>exsule</strong></span> <span class='ocrx_word' id='word_1_53' title='bbox 1164 1201 1433 1262; x_wconf 89' lang='lat' dir='ltr'>libellum</span> <span class='ocrx_word' id='word_1_54' title='bbox 1490 1200 1789 1278; x_wconf 87' lang='lat' dir='ltr'>scriptum</span> <span class='ocrx_word' id='word_1_55' title='bbox 1835 1217 2000 1283; x_wconf 89' lang='lat' dir='ltr'>esse,</span> <span class='ocrx_word' id='word_1_56' title='bbox 2050 1199 2176 1277; x_wconf 85' lang='lat' dir='ltr'>jam</span> <span class='ocrx_word' id='word_1_57' title='bbox 2233 1218 2420 1280; x_wconf 85' lang='lat' dir='ltr'>supra</span> 
     </span>
     <span class='ocr_line' id='line_1_10' title="bbox 305 1309 674 1387; baseline 0.003 -17"><span class='ocrx_word' id='word_1_58' title='bbox 305 1309 571 1370; x_wconf 86' lang='lat' dir='ltr'>diximus</span> <span class='ocrx_word' id='word_1_59' title='bbox 592 1310 674 1387; x_wconf 76' lang='lat'>²).</span> 
     </span>
    </p>

    <p class='ocr_par' dir='ltr' id='par_1_5' title="bbox 309 1419 2428 2277">
     <span class='ocr_line' id='line_1_11' title="bbox 474 1419 2428 1503; baseline 0.001 -24"><span class='ocrx_word' id='word_1_60' title='bbox 474 1421 776 1482; x_wconf 81' lang='lat' dir='ltr'>Praeterea</span> <span class='ocrx_word' id='word_1_61' title='bbox 822 1420 1081 1482; x_wconf 87' lang='lat' dir='ltr'>Ovidius</span> <span class='ocrx_word' id='word_1_62' title='bbox 1131 1419 1417 1481; x_wconf 89' lang='lat' dir='ltr'>nonnulla</span> <span class='ocrx_word' id='word_1_63' title='bbox 1463 1419 1680 1499; x_wconf 89' lang='lat' dir='ltr'>(multa</span> <span class='ocrx_word' id='word_1_64' title='bbox 1716 1422 2005 1497; x_wconf 87' lang='lat' dir='ltr'>fortasse)</span> <span class='ocrx_word' id='word_1_65' title='bbox 2040 1421 2249 1503; x_wconf 80' lang='lat' dir='ltr'>edidit,</span> <span class='ocrx_word' id='word_1_66' title='bbox 2285 1437 2428 1498; x_wconf 87' lang='lat' dir='ltr'>quae</span> 
     </span>
     <span class='ocr_line' id='line_1_12' title="bbox 309 1531 2424 1609; baseline -0 -16"><span class='ocrx_word' id='word_1_67' title='bbox 309 1531 641 1609; x_wconf 85' lang='lat' dir='ltr'>perierunt.</span> <span class='ocrx_word' id='word_1_68' title='bbox 710 1532 850 1608; x_wconf 87' lang='lat' dir='ltr'>Ipse</span> <span class='ocrx_word' id='word_1_69' title='bbox 893 1548 926 1592; x_wconf 94' lang='lat' dir='ltr'>a</span> <span class='ocrx_word' id='word_1_70' title='bbox 972 1547 1041 1590; x_wconf 91' lang='lat' dir='ltr'>se</span> <span class='ocrx_word' id='word_1_71' title='bbox 1085 1531 1313 1607; x_wconf 88' lang='lat' dir='ltr'>scripta</span> <span class='ocrx_word' id='word_1_72' title='bbox 1364 1537 1808 1591; x_wconf 83' lang='lat' dir='ltr'>commemorat</span> <span class='ocrx_word' id='word_1_73' title='bbox 1850 1531 2307 1609; x_wconf 85' lang='lat' dir='ltr'>epithalamium</span> <span class='ocrx_word' id='word_1_74' title='bbox 2345 1534 2424 1593; x_wconf 92' lang='lat' dir='ltr'>ad</span> 
     </span>
     <span class='ocr_line' id='line_1_13' title="bbox 309 1626 2427 1723; baseline 0 -21"><span class='ocrx_word' id='word_1_75' title='bbox 309 1641 639 1702; x_wconf 80' lang='lat' dir='ltr'>Maximum</span> <span class='ocrx_word' id='word_1_76' title='bbox 671 1639 748 1723; x_wconf 79' lang='lat'>³),</span> <span class='ocrx_word' id='word_1_77' title='bbox 817 1658 1064 1702; x_wconf 87' lang='lat' dir='ltr'>carmen</span> <span class='ocrx_word' id='word_1_78' title='bbox 1130 1641 1206 1701; x_wconf 89' lang='lat' dir='ltr'>de</span> <span class='ocrx_word' id='word_1_79' title='bbox 1269 1637 1579 1719; x_wconf 87' lang='lat' dir='ltr'>triumpho</span> <span class='ocrx_word' id='word_1_80' title='bbox 1646 1626 1869 1699; x_wconf 80' lang='lat' dir='ltr'>Tiberii</span> <span class='ocrx_word' id='word_1_81' title='bbox 1933 1641 2174 1720; x_wconf 86' lang='lat' dir='ltr'>Illyrico</span> <span class='ocrx_word' id='word_1_82' title='bbox 2197 1641 2279 1723; x_wconf 76' lang='lat'>⁴⁸),</span> <span class='ocrx_word' id='word_1_83' title='bbox 2347 1643 2427 1703; x_wconf 89' lang='lat' dir='ltr'>de</span> 
     </span>
     <span class='ocr_line' id='line_1_14' title="bbox 312 1749 2421 1832; baseline -0 -19"><span class='ocrx_word' id='word_1_84' title='bbox 312 1760 506 1813; x_wconf 84' lang='lat' dir='ltr'>morte</span> <span class='ocrx_word' id='word_1_85' title='bbox 558 1752 819 1832; x_wconf 83' lang='lat' dir='ltr'>Augusti</span> <span class='ocrx_word' id='word_1_86' title='bbox 843 1750 924 1831; x_wconf 78' lang='lat'>⁶),</span> <span class='ocrx_word' id='word_1_87' title='bbox 979 1767 1239 1829; x_wconf 90' lang='lat' dir='ltr'>quorum</span> <span class='ocrx_word' id='word_1_88' title='bbox 1294 1758 1499 1811; x_wconf 87' lang='lat' dir='ltr'>tamen</span> <span class='ocrx_word' id='word_1_89' title='bbox 1545 1749 1707 1810; x_wconf 90' lang='lat' dir='ltr'>nulla</span> <span class='ocrx_word' id='word_1_90' title='bbox 1753 1750 2009 1828; x_wconf 85' lang='lat' dir='ltr'>vestigia</span> <span class='ocrx_word' id='word_1_91' title='bbox 2058 1752 2421 1829; x_wconf 86' lang='lat' dir='ltr'>reperimus.</span> 
     </span>
     <span class='ocr_line' id='line_1_15' title="bbox 309 1860 2421 1941; baseline -0.002 -15"><span class='ocrx_word' id='word_1_92' title='bbox 309 1866 530 1927; x_wconf 88' lang='lat' dir='ltr'>Contra</span> <span class='ocrx_word' id='word_1_93' title='bbox 579 1879 650 1923; x_wconf 91' lang='lat' dir='ltr'>ea</span> <span class='ocrx_word' id='word_1_94' title='bbox 698 1863 882 1923; x_wconf 88' lang='lat' dir='ltr'>multa</span> <span class='ocrx_word' id='word_1_95' title='bbox 920 1863 997 1923; x_wconf 91' lang='lat' dir='ltr'>ab</span> <span class='ocrx_word' id='word_1_96' title='bbox 1037 1860 1253 1922; x_wconf 89' lang='lat' dir='ltr'>Ovidio</span> <span class='ocrx_word' id='word_1_97' title='bbox 1293 1860 1521 1938; x_wconf 89' lang='lat' dir='ltr'>scripta</span> <span class='ocrx_word' id='word_1_98' title='bbox 1558 1866 1950 1941; x_wconf 87' lang='lat' dir='ltr'>putaverunt,</span> <span class='ocrx_word' id='word_1_99' title='bbox 1988 1879 2129 1939; x_wconf 86' lang='lat' dir='ltr'>quae</span> <span class='ocrx_word' id='word_1_100' title='bbox 2162 1862 2216 1923; x_wconf 91' lang='lat' dir='ltr'>ei</span> <span class='ocrx_word' id='word_1_101' title='bbox 2239 1862 2421 1923; x_wconf 89' lang='lat' dir='ltr'>tribui</span> 
     </span>
     <span class='ocr_line' id='line_1_16' title="bbox 311 1969 2424 2052; baseline -0.001 -17"><span class='ocrx_word' id='word_1_102' title='bbox 311 1974 473 2035; x_wconf 90' lang='lat' dir='ltr'>nullo</span> <span class='ocrx_word' id='word_1_103' title='bbox 520 1974 699 2034; x_wconf 89' lang='lat' dir='ltr'>modo</span> <span class='ocrx_word' id='word_1_104' title='bbox 746 1973 975 2033; x_wconf 88' lang='lat' dir='ltr'>debent</span> <span class='ocrx_word' id='word_1_105' title='bbox 1017 1978 1085 2031; x_wconf 92' lang='lat' dir='ltr'>ut</span> <span class='ocrx_word' id='word_1_106' title='bbox 1123 1971 1396 2049; x_wconf 85' lang='lat' dir='ltr'>Elegiam</span> <span class='ocrx_word' id='word_1_107' title='bbox 1443 1970 1519 2030; x_wconf 90' lang='lat' dir='ltr'>ad</span> <span class='ocrx_word' id='word_1_108' title='bbox 1566 1969 1981 2052; x_wconf 84' lang='lat' dir='ltr'>Philomelam,</span> <span class='ocrx_word' id='word_1_109' title='bbox 2027 1972 2298 2050; x_wconf 84' lang='lat' dir='ltr'>Elegiam</span> <span class='ocrx_word' id='word_1_110' title='bbox 2345 1972 2424 2032; x_wconf 89' lang='lat' dir='ltr'>de</span> 
     </span>
     <span class='ocr_line' id='line_1_17' title="bbox 311 2080 2426 2166; baseline -0 -22"><span class='ocrx_word' id='word_1_111' title='bbox 311 2083 538 2166; x_wconf 83' lang='lat' dir='ltr'>Pulice,</span> <span class='ocrx_word' id='word_1_112' title='bbox 578 2083 835 2144; x_wconf 84' lang='lat' dir='ltr'>Carmen</span> <span class='ocrx_word' id='word_1_113' title='bbox 873 2080 1321 2159; x_wconf 79' lang='lat' dir='ltr'>Panegyricum</span> <span class='ocrx_word' id='word_1_114' title='bbox 1357 2081 1437 2141; x_wconf 91' lang='lat' dir='ltr'>ad</span> <span class='ocrx_word' id='word_1_115' title='bbox 1470 2081 1865 2158; x_wconf 86' lang='lat' dir='ltr'>Calpurnium</span> <span class='ocrx_word' id='word_1_116' title='bbox 1897 2080 2204 2166; x_wconf 85' lang='lat' dir='ltr'>Pisonem,</span> <span class='ocrx_word' id='word_1_117' title='bbox 2229 2083 2426 2143; x_wconf 90' lang='lat' dir='ltr'>Som—</span> 
     </span>
     <span class='ocr_line' id='line_1_18' title="bbox 313 2191 1557 2277; baseline -0.002 -24"><span class='ocrx_word' id='word_1_118' title='bbox 313 2194 505 2277; x_wconf 88' lang='lat' dir='ltr'>nium,</span> <span class='ocrx_word' id='word_1_119' title='bbox 550 2191 827 2271; x_wconf 87' lang='lat' dir='ltr'>Priapeia</span> <span class='ocrx_word' id='word_1_120' title='bbox 859 2198 1055 2269; x_wconf 84' lang='lat' dir='ltr'>atque</span> <span class='ocrx_word' id='word_1_121' title='bbox 1098 2191 1273 2269; x_wconf 86' lang='lat' dir='ltr'>plura</span> <span class='ocrx_word' id='word_1_122' title='bbox 1318 2191 1557 2252; x_wconf 87' lang='lat' dir='ltr'>similia.</span> 
     </span>
    </p>
   </div>
   <div class='ocr_carea' id='block_1_3' title="bbox 316 2394 2428 2551">
    <p class='ocr_par' dir='ltr' id='par_1_6' title="bbox 316 2394 2428 2551">
     <span class='ocr_line' id='line_1_19' title="bbox 457 2394 2428 2464; baseline 0 -15"><span class='ocrx_word' id='word_1_123' title='bbox 457 2397 505 2460; x_wconf 83' lang='lat'>¹)</span> <span class='ocrx_word' id='word_1_124' title='bbox 540 2413 589 2450; x_wconf 83' lang='lat' dir='ltr'>v.</span> <span class='ocrx_word' id='word_1_125' title='bbox 627 2401 713 2464; x_wconf 86' lang='grc'>64,</span> <span class='ocrx_word' id='word_1_126' title='bbox 750 2400 835 2450; x_wconf 76' lang='lat'>62.</span> <span class='ocrx_word' id='word_1_127' title='bbox 941 2399 998 2463; x_wconf 78' lang='lat'>²)</span> <span class='ocrx_word' id='word_1_128' title='bbox 1035 2411 1088 2448; x_wconf 81' lang='lat' dir='ltr'>v.</span> <span class='ocrx_word' id='word_1_129' title='bbox 1127 2397 1210 2446; x_wconf 84' lang='grc'>44.</span> <span class='ocrx_word' id='word_1_130' title='bbox 1316 2396 1366 2462; x_wconf 84' lang='lat'>⁸)</span> <span class='ocrx_word' id='word_1_131' title='bbox 1407 2398 1429 2447; x_wconf 98' lang='grc'><strong>4</strong></span> <span class='ocrx_word' id='word_1_132' title='bbox 1476 2394 1572 2462; x_wconf 85' lang='lat' dir='ltr'>Ep.</span> <span class='ocrx_word' id='word_1_133' title='bbox 1608 2395 1667 2457; x_wconf 87' lang='lat'>11:</span> <span class='ocrx_word' id='word_1_134' title='bbox 1708 2396 1828 2447; x_wconf 85' lang='grc'><strong>433.</strong></span> <span class='ocrx_word' id='word_1_135' title='bbox 1930 2394 1982 2460; x_wconf 83' lang='lat'>⁴)</span> <span class='ocrx_word' id='word_1_136' title='bbox 2018 2396 2051 2447; x_wconf 82' lang='lat'><strong>3</strong></span> <span class='ocrx_word' id='word_1_137' title='bbox 2087 2395 2183 2462; x_wconf 84' lang='lat' dir='ltr'>Ep.</span> <span class='ocrx_word' id='word_1_138' title='bbox 2219 2396 2301 2449; x_wconf 86' lang='lat' dir='ltr'>lv:</span> <span class='ocrx_word' id='word_1_139' title='bbox 2340 2398 2428 2449; x_wconf 88' lang='grc'>84.</span> 
     </span>
     <span class='ocr_line' id='line_1_20' title="bbox 316 2484 809 2551; baseline -0.004 -14"><span class='ocrx_word' id='word_1_140' title='bbox 316 2486 365 2550; x_wconf 76' lang='lat'>⁵)</span> <span class='ocrx_word' id='word_1_141' title='bbox 406 2484 438 2537; x_wconf 67' lang='lat'>4</span> <span class='ocrx_word' id='word_1_142' title='bbox 473 2485 569 2551; x_wconf 88' lang='lat' dir='ltr'>Ep.</span> <span class='ocrx_word' id='word_1_143' title='bbox 604 2484 687 2536; x_wconf 82' lang='lat' dir='ltr'>VI:</span> <span class='ocrx_word' id='word_1_144' title='bbox 727 2487 809 2536; x_wconf 82' lang='grc'>47.</span> 
     </span>
    </p>
   </div>
   <div class='ocr_carea' id='block_1_4' title="bbox 1075 2717 1660 2747">
    <p class='ocr_par' dir='ltr' id='par_1_7' title="bbox 1075 2717 1660 2747">
     <span class='ocr_line' id='line_1_21' title="bbox 1075 2717 1660 2747; baseline 0 1662"><span class='ocrx_word' id='word_1_145' title='bbox 1075 2717 1660 2747; x_wconf 95' lang='lat' dir='ltr'> </span> 
     </span>
    </p>
   </div>
   <div class='ocr_carea' id='block_1_5' title="bbox 1194 2825 1884 3235">
    <p class='ocr_par' dir='ltr' id='par_1_8' title="bbox 1194 2825 1884 3235">
     <span class='ocr_line' id='line_1_22' title="bbox 1194 2825 1884 3235; baseline 0 1174"><span class='ocrx_word' id='word_1_146' title='bbox 1194 2825 1884 3235; x_wconf 95' lang='lat' dir='ltr'> </span> 
     </span>
    </p>
   </div>
   <div class='ocr_carea' id='block_1_6' title="bbox 1178 3661 1558 3740">
    <p class='ocr_par' dir='ltr' id='par_1_9' title="bbox 1178 3661 1558 3740">
     <span class='ocr_line' id='line_1_23' title="bbox 1178 3661 1558 3740; baseline -0.011 -15"><span class='ocrx_word' id='word_1_147' title='bbox 1178 3661 1529 3740; x_wconf 70' lang='lat' dir='ltr'>Corrigenda</span> <span class='ocrx_word' id='word_1_148' title='bbox 1541 3682 1558 3721; x_wconf 75' lang='grc' dir='ltr'><strong>ε</strong></span> 
     </span>
    </p>
   </div>
   <div class='ocr_carea' id='block_1_7' title="bbox 790 3778 1955 4023">
    <p class='ocr_par' dir='ltr' id='par_1_10' title="bbox 790 3778 1955 4023">
     <span class='ocr_line' id='line_1_24' title="bbox 790 3778 1955 3850; baseline -0.007 -16"><span class='ocrx_word' id='word_1_149' title='bbox 790 3784 913 3850; x_wconf 82' lang='lat' dir='ltr'>Pag.</span> <span class='ocrx_word' id='word_1_150' title='bbox 984 3785 1018 3834; x_wconf 83' lang='lat'>8</span> <span class='ocrx_word' id='word_1_151' title='bbox 1054 3783 1142 3836; x_wconf 88' lang='lat' dir='ltr'>lin.</span> <span class='ocrx_word' id='word_1_152' title='bbox 1182 3781 1247 3832; x_wconf 70' lang='lat'>⁴4</span> <span class='ocrx_word' id='word_1_153' title='bbox 1284 3780 1532 3832; x_wconf 75' lang='lat' dir='ltr'>vastabat</span> <span class='ocrx_word' id='word_1_154' title='bbox 1565 3779 1681 3842; x_wconf 84' lang='lat' dir='ltr'>lege</span> <span class='ocrx_word' id='word_1_155' title='bbox 1718 3778 1955 3829; x_wconf 85' lang='lat' dir='ltr'>restabat</span> 
     </span>
     <span class='ocr_line' id='line_1_25' title="bbox 842 3868 1900 3936; baseline -0.006 -16"><span class='ocrx_word' id='word_1_156' title='bbox 842 3909 877 3936; x_wconf 91' lang='lat'>‚,</span> <span class='ocrx_word' id='word_1_157' title='bbox 951 3869 1015 3919; x_wconf 73' lang='lat'>⁴4</span> <span class='ocrx_word' id='word_1_158' title='bbox 1078 3908 1111 3934; x_wconf 85' lang='lat'>„</span> <span class='ocrx_word' id='word_1_159' title='bbox 1223 3868 1246 3915; x_wconf 78' lang='lat'><strong>1</strong></span> <span class='ocrx_word' id='word_1_160' title='bbox 1290 3879 1464 3917; x_wconf 86' lang='lat' dir='ltr'>meres</span> <span class='ocrx_word' id='word_1_161' title='bbox 1600 3904 1634 3932; x_wconf 92' lang='lat'><strong>„</strong></span> <span class='ocrx_word' id='word_1_162' title='bbox 1725 3877 1900 3915; x_wconf 89' lang='lat' dir='ltr'>mores</span> 
     </span>
     <span class='ocr_line' id='line_1_26' title="bbox 837 3955 1828 4023; baseline -0.008 -15"><span class='ocrx_word' id='word_1_163' title='bbox 837 3994 872 4023; x_wconf 89' lang='lat'>‚,</span> <span class='ocrx_word' id='word_1_164' title='bbox 946 3957 1011 4007; x_wconf 73' lang='lat'>39</span> <span class='ocrx_word' id='word_1_165' title='bbox 1075 3992 1109 4021; x_wconf 91' lang='lat'>„</span> <span class='ocrx_word' id='word_1_166' title='bbox 1215 3955 1247 4004; x_wconf 77' lang='lat'><strong>2</strong></span> <span class='ocrx_word' id='word_1_167' title='bbox 1290 3965 1384 4004; x_wconf 90' lang='lat' dir='ltr'>eos</span> <span class='ocrx_word' id='word_1_168' title='bbox 1608 3988 1643 4016; x_wconf 89' lang='lat'>‚‚</span> <span class='ocrx_word' id='word_1_169' title='bbox 1735 3963 1828 4001; x_wconf 84' lang='lat' dir='ltr'>eas</span> 
     </span>
    </p>
   </div>
  </div>
 </body>
</html>
