2792 4409
1383 257 1456 321 Η

383 437 582 484 meres
624 420 828 502 populi
874 434 1308 504 corrumperet.
1407 429 1534 489 Hoc
1579 433 1777 487 autem
1822 443 1940 487 non
1985 427 2048 486 in
2093 428 2255 487 veris
2302 443 2462 489 cau—

384 535 470 596 sis
522 535 731 617 fuisse,
791 535 898 595 sed
944 537 1113 612 quasi
1156 537 1391 599 titulum
1440 538 1635 599 dedita
1682 555 1863 617 opera
1909 539 2229 615 quaesitum
2275 540 2460 600 dam-

384 645 727 722 nationique
788 647 1135 726 impositum
1204 667 1373 733 esse,
1449 649 1614 709 multi
1679 656 2064 728 putaverunt.
2165 651 2461 729 Equidem

382 777 501 820 non
546 766 710 835 puto,
757 761 1090 843 AugustuS,
1137 777 1319 837 quum
1367 760 1625 823 civitatis
1670 778 1868 821 mores
1901 762 2226 823 emendare
2260 763 2459 846 vellet,

384 872 564 955 serio,
614 870 818 952 oredo,
874 870 1018 931 utile
1053 868 1366 949 iudicabat
1412 881 1470 934 et
1511 874 1677 951 leges
1721 874 1840 957 edi,
1887 874 2109 950 quibus
2153 873 2460 952 pudicitiae

385 985 820 1065 consuleretur,
876 991 940 1044 et
981 1000 1213 1061 poenas
1257 984 1308 1043 ei
1354 985 1605 1066 imponi,
1652 984 1752 1060 qui
1793 984 2105 1046 lasciviam
2149 993 2462 1065 tantopere

387 1097 893 1157 commendasset.
991 1098 1169 1156 Poeta
1215 1103 1379 1156 certe
1422 1101 1554 1155 non*
1584 1095 1682 1155 tali
1729 1096 1907 1156 modo
1952 1096 2027 1156 de
2072 1098 2321 1159 crimine
2364 1096 2460 1158 illo

382 1207 666 1291 loquitur,
734 1216 800 1267 ut
850 1208 903 1268 si
955 1208 1295 1289 arbitretur,
1350 1223 1461 1284 per
1515 1206 1956 1269 simulationem
2013 1209 2074 1270 id
2129 1210 2462 1271 adhibitum

385 1338 524 1383 osse
549 1320 629 1396 ⁹).
715 1296 1083 1396 ltaque’non
1130 1319 1367 1380 fortuito
1414 1319 1636 1379 factum
1686 1336 1928 1403 censeo,
1974 1327 2040 1380 ut
2083 1321 2294 1381 eodem
2344 1324 2468 1382 fere

386 1442 659 1511 tempore
710 1431 807 1492 lex
861 1432 1040 1510 Papia
1096 1433 1352 1512 Poppaea
1412 1431 1710 1513 ederetur,
1768 1438 1828 1490 et
1870 1432 2257 1493 damnaretur
2302 1433 2461 1494 Ovi-

385 1546 542 1607 dius.
649 1545 769 1606 Sed
834 1550 902 1604 ut
966 1544 1097 1604 haec
1158 1560 1302 1603 vera
1369 1542 1546 1603 fuerit
1611 1557 1828 1623 causa,
1906 1559 2103 1621 neque
2168 1545 2293 1607 sola
2359 1546 2468 1605 fuit

390 1674 585 1735 neque
639 1656 917 1717 maxima.
1018 1655 1192 1728 Quod
1244 1655 1378 1734 ipse
1421 1654 1582 1714 haud
1628 1654 1892 1715 obscure
1933 1633 2160 1715 indicat
2202 1657 2462 1735 Cupidi-

388 1787 527 1830 nem
571 1769 667 1829 bis
710 1767 916 1828 verbis
958 1774 1224 1828 utentem
1269 1767 1598 1828 inducens:

630 1882 768 1943 Scis
811 1879 997 1961 aliud,
1043 1879 1204 1956 quod
1248 1885 1306 1939 te
1350 1878 1595 1963 laeserit,
1644 1895 1782 1939 esse
1828 1875 2020 1955 majus
2049 1878 2122 1953 ¹).

389 1993 544 2068 Quid
610 2000 810 2053 autem
876 1993 993 2054 hoc
1051 1990 1284 2051 ”aliud”
1343 1991 1542 2074 fuerit,
1597 1990 1657 2051 id
1712 1991 1910 2069 ipsum
1957 1990 2258 2067 quaeritur.
2344 1992 2469 2051 Hac

387 2105 463 2165 de
506 2121 573 2164 re
614 2112 789 2182 poeta
836 2119 952 2163 non
1002 2102 1117 2163 nisi
1161 2118 1395 2163 summa
1424 2118 1560 2162 cum
1600 2102 1875 2162 cautione
1908 2102 2188 2182 loquitur,
2225 2102 2464 2183 timenS,

388 2234 465 2280 ne
507 2217 845 2295 principem
893 2215 1086 2293 magis
1130 2213 1308 2275 etiam
1355 2214 1747 2275 exacerbaret
1768 2215 1846 2291 2).
1895 2215 2026 2274 Duo
2058 2222 2262 2274 tamen
2287 2201 2498 2273 eom-¹

387 2328 664 2406 pluribus
707 2327 857 2389 locis
914 2328 1195 2392 affirmat:
1258 2342 1471 2408 unum,
1525 2343 1600 2386 cx
1656 2343 1727 2388 eo
1786 2325 2005 2388 malum
2061 2332 2260 2387 ortum
2301 2341 2463 2409 esse,

390 2440 550 2517 quod
604 2439 827 2517 aliquid
882 2438 1128 2510 viderit,
1180 2438 1274 2498 vel
1300 2483 1308 2491 .
1330 2438 1490 2515 quod
1546 2437 1917 2522 imprudenti
1966 2436 2144 2522 culpa
2194 2438 2472 2521 quoedam

388 2551 508 2614 sibi
559 2550 798 2636 coquita
851 2550 928 2611 sit
954 2549 1040 2631 ³);
1087 2545 1369 2633 alterum,
1427 2568 1494 2610 se
1548 2568 1846 2628 peccasse
1905 2550 2014 2611 sed
2070 2567 2186 2610 non
2234 2546 2471 2623 scelera,

390 2665 596 2744 potius
638 2660 1041 2747 simplicitate,
1087 2680 1310 2734 errore,
1355 2658 1629 2736 smltitia,
1675 2661 1892 2724 timore
1908 2661 1985 2742 4).

554 2775 822 2836 Primum
866 2775 1047 2852 igitur
1088 2772 1169 2834 illi
1212 2773 1652 2857 improbantur,
1708 2775 1806 2851 qui
1866 2780 2114 2835 auctore
2158 2774 2468 2835 Sidonio

389 2887 815 2967 Apollinari
840 2885 897 2964 ⁶)
941 2887 1093 2947 iram
1137 2886 1395 2948 Caesaris
1433 2894 1654 2947 motam
1690 2886 2073 2960 arbitrentur,
2109 2887 2268 2963 quod
2290 2882 2470 2969 puel-

389 2997 515 3062 tam
561 2995 827 3061 emam
880 2999 1136 3060 Ovidius
1191 2998 1463 3059 dilexerit
1522 3005 1701 3074 atque
1745 2996 1860 3056 sub
1906 2998 2152 3058 nomine
2193 2996 2474 3058 Corinnae

391 3109 745 3173 cantaverit.
833 3110 979 3170 Sive
1019 3109 1179 3169 enirn
1222 3109 1342 3170 filia
1388 3110 1520 3170 sive
1563 3109 1762 3188 neptis
1806 3110 1938 3170 sive
1980 3110 2192 3172 ancilla
2241 3109 2465 3171 Caesari

389 3232 586 3286 amata
644 3222 1038 3307 significatur,
1096 3220 1241 3282 nihil
1295 3223 1413 3282 hac
1468 3222 1528 3281 in
1585 3221 1880 3282 sententia
1938 3221 2064 3280 veri
2116 3219 2309 3280 simile
2359 3221 2466 3279 in·—

528 3415 578 3478 ⁹J
620 3416 642 3466 4
686 3416 834 3467 Trist.
882 3415 968 3468 IX:
1015 3416 1111 3478 583
1160 3416 1192 3467 Ξ
1229 3415 1383 3467 Trist.
1417 3414 1643 3481 passim3
1697 3413 1727 3463 3
1763 3412 1912 3462 Trist.
1955 3412 1992 3463 1:
2033 3413 2116 3476 66,
2169 3411 2250 3462 III:
2290 3410 2382 3462 74:
2436 3412 2470 3461 ὅ

388 3502 537 3554 Trist.
586 3502 692 3552 XII:
739 3500 967 3566 45—483
1022 3503 1044 3552 4
1091 3501 1182 3566 Ep.
1225 3502 1284 3552 11:
1338 3502 1462 3565 ⁴363
1512 3501 1543 3550 2
1591 3499 1682 3564 Ep.
1727 3498 1812 3549 IX:
1859 3499 1942 3563 73,
1989 3496 2071 3549 74.
2199 3497 2246 3562 ¹)
2298 3500 2328 3549 3
2372 3496 2466 3562 Ep.

386 3585 468 3640 m:
505 3589 586 3639 72.
656 3587 706 3652 ¹)
750 3589 780 3640 3
817 3588 965 3639 Trist.
1004 3587 1051 3637 6:
1088 3588 1183 3651 273
1223 3589 1245 3637 4
1286 3585 1380 3652 Ep.
1417 3585 1496 3637 v1:
1533 3583 1753 3636 24--24.
1827 3585 1876 3649 ⁰)
1914 3586 1946 3636 2
1984 3585 2136 3636 Trist.
2175 3583 2470 3647 toa—⁴063

389 3678 420 3728 3
458 3676 606 3727 Trist.
641 3675 699 3727 V:
738 3674 823 3740 49,
867 3677 949 3726 50.
1064 3674 1113 3738 5²)
1153 3678 1174 3725 4
1219 3674 1367 3725 Trist.
1409 3672 1463 3724 V:
1504 3673 1596 3736 433
1647 3675 1677 3725 3
1714 3672 1863 3724 Trist.
1903 3672 1958 3723 V:
1997 3675 2081 3739 5⁴,
2118 3674 2203 3738 52,
2267 3671 2346 3722 VI:
2380 3673 2467 3737 25,

388 3766 473 3831 2⁶,
518 3764 621 3828 353
669 3761 701 3814 4
734 3761 887 3813 Trist.
924 3764 959 3813 1:
997 3763 1082 3828 23,
1119 3760 1205 3830 sl,
1256 3761 1336 3813 IV:
1376 3761 1459 3829 39,
1512 3761 1635 3812 vlu:
1674 3760 1759 3826 40,
1811 3760 1874 3811 X:
1922 3762 2015 3825 903
2074 3764 2100 3811 4
2137 3757 2230 3824 Ep.
2267 3757 2346 3810 vl:
2388 3760 2470 3824 49,

388 3853 477 3915 20,
512 3850 613 3902 Vl:
651 3847 739 3912 43,
775 3846 873 3914 ⁴⁴3
907 3850 939 3900 2
975 3848 1070 3913 Ep.
1106 3850 1164 3900 11:
1204 3851 1284 3901 ⁴7.
1405 3849 1457 3912 ⁶.)
1496 3843 1557 3898 C.
1591 3845 1788 3898 Sollius
1821 3844 2155 3914 Apollinaris
2190 3842 2469 3896 Modestus

389 3936 663 4000 Sidonium,
705 3938 985 4003 opiscopus
1030 3936 1275 4003 GalliouS,
1322 3950 1429 3987 seo.
1468 3938 1652 4001 quinto
1689 3950 1742 4000 p.
1774 3935 1890 3986 Chr.
1929 3937 2069 3986 vixit.
2109 3933 2328 3998 Scripsit
2363 3947 2471 3985 no-

385 4040 503 4078 vem
538 4028 715 4092 libros,
753 4026 839 4091 qui
878 4024 1126 4090 epistolas
1164 4024 1451 4090 continent,
1490 4024 1696 4089 aliaque
1727 4022 1993 4074 nonnulle.
