2792 4409
1443 261 1477 320 4

402 421 672 498 losophia
739 422 918 484 etiam
987 425 1102 485 sub
1166 424 1347 484 finem
1409 422 1585 501 hujus
1642 427 1828 487 seculi
1886 427 2255 503 aliquantum
2312 426 2494 487 studii

400 533 541 609 poni
601 541 880 612 coeptum
938 543 1048 596 est.
1147 537 1220 596 Et
1272 546 1577 600 oratorum
1636 546 1694 599 et
1746 538 2241 616 philosophorum
2287 546 2487 600 autem

402 660 531 705 suae
585 647 778 706 aetatis
824 649 996 723 quasi
1042 650 1165 709 dux
1210 649 1433 710 exstitit
1477 652 1548 712 Μ.
1599 649 1826 711 Tullius
1872 650 2107 728 Cicero,
2152 652 2251 728 qui
2301 668 2489 728 quum

400 756 533 833 ipse
578 756 905 833 litterarum
952 762 1303 822 Graecarum
1352 762 1756 839 peritissimus
1801 769 1984 845 esset,
2023 762 2082 823 in
2119 780 2190 823 eo
2230 764 2490 824 maxime

401 867 773 954 elaborabat,
843 880 905 931 ut
968 874 1164 935 studia
1231 874 1326 935 illa
1393 875 1450 934 in
1512 875 1679 935 cives
1738 892 1883 936 suos
1938 876 2309 935 transferret.
2407 876 2488 959 Is,

401 988 584 1042 totam
655 983 778 1043 fere
843 1003 952 1063 per
1018 988 1201 1047 vitam
1266 988 1326 1047 in
1400 986 1597 1046 medio
1657 1004 1858 1046 rerum
1915 984 2180 1046 civilium
2232 986 2489 1046 tumultu

399 1103 703 1177 versatUS,
760 1104 961 1158 tamen
1017 1106 1136 1159 tam
1199 1098 1378 1158 multa
1441 1098 1707 1180 scripsit,
1754 1105 1819 1157 ut
1863 1115 2005 1157 vere
2050 1098 2255 1157 dicere
2297 1098 2490 1174 possit

400 1224 469 1265 se
514 1223 690 1267 suum
736 1208 919 1268 otium
964 1210 1039 1270 ad
1087 1226 1336 1271 suorum
1383 1209 1685 1288 negotium
1737 1209 2082 1269 contulisse.
2151 1210 2295 1269 Haec
2340 1217 2487 1272 aetas

401 1319 457 1377 in
517 1337 586 1380 eo
648 1320 970 1381 maximam
1030 1321 1269 1383 laudem
1328 1321 1538 1381 merito
1596 1328 1921 1381 consecuta
1978 1327 2090 1402 est,
2139 1321 2298 1398 quod
2345 1338 2488 1381 ser-

402 1446 643 1491 monem
709 1431 789 1492 ita
855 1433 1115 1493 excoluit
1178 1442 1356 1511 atque
1420 1433 1761 1515 perpolivit,
1829 1440 1893 1493 ut
1950 1430 2023 1491 ad
2080 1432 2281 1492 omnia
2326 1439 2486 1515 apte,

401 1542 704 1627 distincte,
751 1554 961 1606 ornate
1006 1546 1309 1606 efferenda
1357 1546 1611 1605 idoneus
1657 1546 1851 1605 factus
1896 1545 1989 1605 sit.

563 1655 715 1715 Huic
779 1657 984 1718 seculo
1051 1660 1352 1719 successit
1405 1658 1697 1718 Vlllzvum
1757 1659 1931 1734 longe
1984 1656 2159 1716 aliam
2216 1658 2484 1735 speciem

401 1783 529 1843 prae
584 1784 652 1827 se
708 1768 927 1829 ferens,
1028 1771 1215 1831 Vetus
1271 1769 1589 1848 disciplina
1647 1769 1864 1830 multos
1918 1785 2026 1845 per
2071 1787 2263 1829 annos
2307 1769 2484 1831 labe-

308 1890 316 1899 ·
402 1881 619 1939 factata
664 1880 908 1939 tandem
956 1881 1223 1943 funditus
1268 1892 1359 1943 est
1403 1899 1637 1943 eversa.
1706 1882 1955 1942 Ineunte
2000 1881 2115 1942 hoc
2161 1898 2291 1942 aevo
2338 1882 2482 1941 Cae-

400 2009 500 2051 sar
553 2008 754 2052 rerum
811 1993 1035 2070 potitus
1090 2002 1200 2054 est.
1298 1993 1400 2054 lllo
1455 1994 1792 2075 interfecto,
1850 2000 2172 2071 postquam
2226 1991 2482 2053 libertati

400 2104 500 2164 vix
562 2103 727 2164 licuit
791 2105 1052 2165 animam
1120 2106 1421 2189 recipere,
1489 2106 1750 2184 primum
1818 2107 2076 2166 societas
2142 2104 2484 2182 perniciosa

397 2216 578 2277 trium
639 2217 926 2298 virorum,
983 2218 1202 2280 deinde
1259 2218 1478 2278 bellum
1538 2218 1732 2295 civile,
1804 2225 1930 2276 tum
1995 2217 2267 2295 tyrannis
2324 2234 2483 2278 con-

399 2336 607 2389 secuta
654 2336 764 2390 est.
850 2331 1020 2408 Opus
1065 2348 1098 2390 a
1146 2332 1386 2392 Caesare
1431 2331 1778 2391 inchoatum
1825 2329 2136 2407 Augustus
2180 2329 2256 2389 ad
2299 2328 2483 2389 finem

397 2441 694 2517 perduxit.
814 2441 989 2513 Quod
1056 2441 1268 2503 Cicero
1344 2441 1614 2518 queritur
1686 2440 2123 2520 rempublicam
2198 2439 2484 2503 amissam

397 2568 538 2612 esse
565 2550 639 2633 ³),
685 2552 744 2612 id
790 2553 975 2613 multo
1021 2550 1229 2628 majori
1270 2550 1406 2629 jure
1447 2554 1617 2630 queri
1664 2554 1978 2634 potuisset,
2016 2552 2067 2613 si
2101 2552 2175 2613 ad
2212 2560 2484 2629 tempora

397 2663 630 2742 imperii
696 2665 950 2742 Augusti
1021 2666 1254 2726 fortuna
1323 2684 1462 2725 eum
1525 2673 1917 2726 reservasset.
2027 2663 2317 2741 Princeps
2372 2680 2485 2724 suo

398 2776 708 2837 dominatu
772 2778 973 2838 omnia
1037 2786 1251 2838 tenens
1330 2796 1526 2855 neque
1591 2786 1865 2840 senatum
1935 2794 2133 2854 neque
2195 2775 2482 2853 populum

397 2892 737 2949 Romanum
781 2889 838 2948 in
887 2891 1234 2952 societatem
1284 2892 1448 2969 regni
1495 2891 1756 2952 admisit.

562 3000 712 3060 Hinc
767 3000 1047 3062 effectum
1104 3011 1194 3063 est
1251 3021 1369 3063 non
1415 3002 1611 3066 solum
1657 3002 1714 3061 id
1762 3000 1919 3077 quod
1965 2997 2130 3059 initio
2175 2998 2372 3081 posui,
2420 3004 2486 3058 ut

320 3165 331 3174 .
397 3113 643 3173 uberius
698 3113 880 3173 otium
939 3114 1265 3176 litterarum
1313 3114 1603 3175 studiosis
1649 3112 2106 3195 concederetur,
2154 3110 2258 3171 sed
2305 3109 2482 3170 etiam

395 3232 464 3284 ut
525 3242 661 3302 quae
713 3241 935 3303 genera
992 3226 1340 3304 scriptionis
1399 3235 1571 3287 antea
1634 3225 1894 3287 maxime
1946 3223 2312 3302 floruissent,
2370 3237 2483 3280 se-

397 3354 671 3417 nescere,
727 3336 840 3397 alia
898 3344 1095 3399 autem
1155 3355 1434 3399 crescere
1493 3338 1846 3416 inciperent.
1947 3334 2048 3397 Sic
2108 3330 2486 3415 eloquentia),

398 3467 534 3528 quae
595 3456 716 3510 tota
783 3452 908 3509 fere
962 3450 1020 3509 in
1076 3451 1204 3510 foro
1261 3448 1353 3509 vel
1412 3450 1470 3509 in
1531 3456 1747 3511 senatu
1802 3455 2044 3508 versata
2107 3446 2321 3529 fuerat,
2359 3442 2482 3520 jam

399 3561 598 3623 nullus
664 3561 834 3622 locus
890 3560 1361 3641 relinquebatur,
1422 3561 1533 3620 nisi
1589 3560 1665 3621 de
1727 3578 1792 3622 re
1850 3559 2092 3637 publica
2140 3566 2243 3617 aut
2283 3564 2485 3615 tacere

402 3671 576 3732 vellet
619 3678 721 3733 aut
762 3678 1124 3748 praesentem
1171 3679 1390 3732 statum
1439 3672 1618 3749 pleno
1664 3690 1769 3733 ore
1809 3657 2076 3733 laudare.
2122 3669 2485 3733 colebantur

402 3785 644 3862 quidem
702 3783 1163 3845 exercitationes
1219 3782 1486 3867 dicendi,
1546 3801 1683 3861 quae
1736 3781 2210 3844 declamationes
2251 3785 2487 3841 vocatae

541 4031 592 4099 ³)
632 4031 708 4084 De
743 4033 829 4086 off.
866 4033 974 4086 Lib.
1011 4032 1053 4084 11
1091 4046 1205 4100 cap.
1243 4033 1291 4084 8.
