2792 4409
1299 230 1369 292 2⁴

264 408 388 471 tias
433 405 585 488 agit,
635 400 797 479 quod
857 415 1027 461 curae
1065 395 1338 473 requiem
1384 394 1651 471 malique
1695 391 2063 454 medicinam
2108 391 2224 453 sibi
2270 392 2393 453 da·-

274 520 475 595 ret2).
577 516 654 575 Et
711 509 1230 588 quemadmodum
1284 505 1415 589 ille,
1475 502 1577 582 qui
1635 520 1781 565 cura
1837 518 1911 562 ac
1966 501 2173 563 dolore
2230 520 2393 564 con·—

278 629 506 708 ficitur,
562 623 827 684 lenimen
894 619 1128 679 invenit
1175 619 1236 677 in
1280 617 1681 697 lacrimando,
1728 616 1821 676 sic
1866 614 2123 676 Ovidius
2168 613 2396 675 condi-

285 740 521 801 cionem
582 748 761 794 suam
829 730 1024 791 effuse
1069 738 1127 790 et
1170 726 1595 789 miserabiliter
1659 725 2069 786 describendo
2126 725 2396 786 animum

279 840 737 927 quodammodo
782 841 986 902 levare
1027 840 1286 900 videtur.
1376 839 1558 913 Saepe
1600 843 1801 896 tamen
1850 837 2074 897 docere
2118 843 2397 917 conatur,

277 959 438 1020 mala
486 971 604 1015 sua
649 952 827 1029 longe
871 947 1103 1027 majora
1148 966 1310 1031 esse,
1357 964 1542 1025 quam
1588 962 1726 1023 quae
1769 946 2113 1007 enumerari
2158 963 2236 1007 ac
2278 948 2399 1008 de—

277 1066 477 1131 scribi
523 1061 766 1142 possint
788 1060 866 1137 ⁸).

455 1173 703 1237 Acerba
751 1178 1029 1250 tempore
1079 1167 1207 1229 fieri
1264 1168 1519 1252 leniora,
1576 1169 1636 1229 in
1683 1186 1753 1230 se
1793 1169 1932 1247 ipso
1975 1168 2402 1246 unusquisque

280 1294 569 1350 nostrum
625 1284 881 1344 fortasse
937 1286 1228 1356 expertus
1285 1286 1397 1339 est.
1486 1279 1687 1356 Atque
1729 1286 1795 1339 ut
1836 1278 1891 1340 is
1933 1296 2055 1340 non
2099 1278 2283 1357 plane
2325 1280 2405 1341 sit

275 1400 495 1479 miser,
566 1394 666 1456 cui
728 1408 874 1470 spes
941 1389 1148 1451 relicta
1216 1390 1314 1471 sit,
1382 1389 1476 1450 sic
1532 1388 1983 1466 quodammodo
2027 1390 2210 1450 etiam
2255 1407 2403 1451 vere

278 1510 512 1571 dicitur
576 1520 701 1563 una
768 1518 909 1562 esse
974 1499 1214 1560 miseris
1270 1499 1471 1560 salus:
1529 1498 1756 1558 nullam
1811 1516 2061 1576 sperare
2118 1501 2398 1562 salutem.

278 1618 401 1692 Qui
459 1630 713 1693 sperare
766 1613 1038 1672 nondum
1095 1609 1295 1693 desiit,
1347 1609 1732 1687 jucunditate
1798 1609 2046 1686 quidem
2104 1610 2235 1688 spei
2290 1611 2399 1671 in—

279 1728 527 1790 terdum
586 1722 825 1804 fruitur,
884 1721 997 1783 sed
1043 1738 1156 1798 spe
1199 1722 1419 1781 iterum
1462 1720 1807 1797 iterumque
1849 1721 2107 1798 decepta
2153 1722 2403 1799 gravius

280 1839 572 1918 affligitur
636 1842 699 1895 et
762 1849 1007 1911 semper
1058 1832 1120 1891 in
1176 1829 1598 1908 inquietudine
1652 1847 1729 1891 ac
1770 1830 2173 1908 trepidatione
2219 1832 2402 1893 animi

279 1957 584 2012 versatur.
691 1944 815 2006 Sed
880 1961 1069 2021 quum
1136 1959 1311 2020 spem
1381 1958 1628 2001 omnem
1695 1940 1949 2001 missam
2005 1942 2291 2024 fecimuS,
2350 1941 2403 2003 si

289 2078 410 2121 non
468 2054 940 2138 tranquilliores,
996 2060 1059 2115 at
1112 2059 1278 2113 certe
1323 2052 1604 2112 duriores
1647 2052 1813 2135 facti,
1860 2053 1921 2113 in
1968 2070 2041 2114 eo
2087 2052 2405 2113 elaborare

283 2169 638 2247 incipimuS,
684 2172 752 2224 ut
793 2172 1018 2227 sortem
1063 2170 1360 2244 nostram,
1410 2176 1593 2237 quam
1638 2161 2082 2223 immutabilem
2119 2179 2261 2224 esse
2298 2162 2403 2221 vi-

287 2282 542 2360 demuS,
598 2274 888 2354 patientia
941 2270 1317 2333 tolerabilem
1373 2270 1709 2332 reddamus
1732 2268 1815 2349 ⁴¹).
1912 2273 1991 2333 At
2053 2273 2113 2333 in
2183 2271 2402 2334 Ovidio

288 2397 458 2453 tanta
503 2394 634 2449 erat
672 2384 905 2445 levitas«
933 2391 1117 2459 atque
1160 2381 1596 2464 inconstantia,
1641 2389 1709 2442 ut
1742 2400 1819 2444 ne
1855 2382 2220 2445 diuturnitas
2254 2384 2405 2461 qui-

284 2503 429 2563 dem
473 2495 773 2575 temporis
814 2494 999 2555 ullam
1047 2492 1402 2570 patientiam
1449 2507 1589 2551 eum
1634 2499 1849 2571 posset
1869 2494 2095 2554 docere
2122 2493 2201 2577 ⁶).
2289 2497 2402 2554 In·-

280 2619 375 2671 ter
420 2624 599 2686 spem
644 2612 705 2666 et
747 2604 1242 2681 desperationem
1284 2603 1619 2685 fluctuanS,
1677 2603 1859 2663 modo
1900 2603 1980 2663 illi
2028 2605 2211 2664 modo
2255 2604 2405 2665 h'uic

284 2737 360 2781 se
403 2715 816 2786 committenS‚
860 2714 1127 2790 aequiore
1173 2713 1376 2773 animo
1423 2713 1613 2772 fatum
1658 2730 1838 2774 suum
1886 2715 2045 2774 ferre
2070 2730 2405 2789 numquam

284 2827 522 2890 didicit.
610 2824 774 2886 Mora
819 2832 1020 2884 tamen
1067 2840 1214 2901 spes
1267 2822 1586 2882 imminuta
1631 2830 1690 2882 et
1731 2823 1978 2883 tandem
2026 2832 2221 2884 morte
2262 2823 2406 2883 Au-

290 2937 453 3016 gusti
496 2942 619 2996 tota
661 2951 839 3012 paene
884 2933 1076 2993 fracta
1120 2949 1261 2993 esse
1304 2932 1547 2992 videtur
1572 2930 1649 3008 ⁶).
1736 2933 1829 2994 Ad
1855 2942 2193 2995 extremum
2222 2933 2404 2995 etiam

287 3048 354 3109 in
405 3045 815 3107 morositatem
860 3043 975 3104 sibi
1025 3043 1369 3119 ceterisque
1417 3042 1734 3103 molestam
1781 3044 2011 3106 incidit.
2095 3044 2191 3105 Ab
2235 3043 2403 3102 ami-

289 3158 381 3218 cis
450 3156 593 3218 nihil
670 3161 1040 3233 exspectans
1119 3153 1545 3229 negligentiam
1611 3155 2117 3232 timiditatemque
2189 3171 2405 3214 eorum

294 3264 587 3344 majorem
625 3263 860 3343 judicat
901 3280 1086 3340 quam
1133 3263 1545 3339 pervicaciam
1594 3264 1857 3325 Caesaris
1882 3262 1958 3339 ⁷).
2020 3263 2201 3324 Uxori
2237 3253 2404 3341 quo-—

426 3523 487 3585 ⁴2)
532 3521 564 3573 4
611 3522 764 3573 Trist.
800 3520 864 3571 x:
906 3522 1208 3586 lat—⁴223
1269 3523 1301 3572 5
1354 3520 1508 3571 Trist.
1546 3501 1589 3572 '12
1640 3520 1732 3586 33,
1780 3516 1864 3570 34.
1991 3518 2041 3582 ⁸)
2091 3517 2122 3569 4
2166 3518 2320 3569 Trist.
2367 3520 2405 3570 1:

289 3611 356 3661 55
393 3600 519 3675 sqqss
556 3610 590 3659 5
627 3608 779 3659 Trist.
814 3608 852 3658 1:
892 3609 1115 3674 30—38,
1152 3610 1211 3659 11:
1251 3610 1311 3659 2⁴
1359 3621 1481 3673 sqq.
1519 3607 1599 3660 IV:
1639 3608 1828 3671 7—40,
1865 3605 1947 3657 v1:
1987 3603 2221 3670 35—463
2258 3607 2407 3671 2Ep.

286 3694 389 3746 vn:
431 3692 669 3759 25--743
728 3692 759 3744 4
795 3694 890 3761 Ep.
937 3693 1046 3744 xv:
1096 3697 1283 3746 7—40.
1399 3694 1449 3757 ⁴)
1488 3696 1518 3746 3
1554 3696 1650 3761 Ep.
1683 3693 1742 3745 v:
1780 3694 1865 3757 57,
1903 3693 1988 3743 58.
2099 3692 2148 3756 ὁ)
2185 3690 2216 3742 4
2253 3693 2408 3742 Trist.

284 3781 366 3832 vl:
411 3783 477 3832 49
517 3794 639 3846 sqq.
680 3783 700 3831 4
746 3781 843 3845 Ep.
882 3781 963 3831 m:
1002 3779 1226 3832 86—94.
1300 3778 1346 3839 ⁶)
1389 3779 1420 3829 3
1459 3780 1611 3832 Trist.
1648 3779 1707 3832 v:
1744 3781 1829 3846 25,
1866 3780 1953 3846 26,
1992 3776 2075 3845 43,
2113 3778 2208 3841 533
2250 3778 2270 3826 4
2310 3777 2406 3843 Ep,

282 3868 343 3919 11:
382 3870 441 3919 64
461 3869 609 3934 -66,
645 3866 727 3918 VI:
765 3864 1000 3932 27—543
1035 3867 1067 3916 2
1105 3867 1201 3932 Ep.
1238 3865 1341 3918 vn:
1381 3867 1467 3932 79,
1506 3868 1601 3933 803
1639 3868 1670 3917 3
1706 3865 1802 3931 Ep.
1840 3864 1944 3917 vn:
1981 3865 2214 3929 29—323
2251 3862 2282 3914 4
2308 3864 2406 3930 Ep·

282 3955 364 4006 vl:
402 3956 595 4006 9—46.
706 3954 756 4019 7)
798 3954 830 4003 3
866 3952 961 4021 Ep.
997 3951 1102 4006 vn:
1141 3955 1190 4021 9,
1231 3955 1312 4018 4ο,
1353 3952 1578 4008 49-38.
