2792 4409
1323 176 1397 236 37

309 343 726 423 Myrmidones
794 343 849 401 in
922 342 1230 423 formicas,
1301 341 1559 404 comites
1612 342 1756 400 Inus
1812 340 1869 399 in
1932 356 2103 423 aveS‚
2150 340 2435 401 Arachne

309 456 369 515 in
418 470 733 525 araneam,
788 452 1071 534 Daphne,
1129 451 1435 534 HeliadeS,
1483 450 1791 511 Philemon
1840 459 1899 511 et
1942 452 2165 511 Baucis
2208 451 2268 510 in
2318 469 2429 511 ar-

310 567 514 648 boreS,
561 564 759 625 Niobe
800 563 859 622 in
908 578 1148 645 saxum,
1195 562 1342 622 Acis
1390 564 1449 621 in
1500 563 1724 622 fontem
1755 562 1833 640 ⁹).
1935 563 2178 622 Mutatio
2225 570 2426 622 tamen

308 692 642 764 numquam
681 691 791 752 per
824 680 1010 732 totam
1048 671 1459 731 narrationem
1496 680 1813 754 tractatur,
1853 673 1960 733 sed
2004 673 2212 751 mytho
2239 690 2433 751 prope

307 787 487 847 finem
537 784 838 863 perducto
881 784 1245 861 plerumque
1291 759 1656 844 annectitur.

473 899 674 972 Atque
733 902 797 953 ut
850 894 981 971 ipsa
1043 893 1322 953 tractatio
1380 893 1581 953 Ovidii
1643 895 1885 972 propria
1936 902 2049 975 est,
2098 894 2190 953 sic
2235 894 2431 953 dubi-

306 1008 414 1069 tari
463 1024 585 1067 non
635 1012 856 1086 potest,
905 1005 1047 1081 quin
1098 1005 1412 1065 materiem
1452 1004 1858 1082 scriptoribus
1893 1004 2129 1065 Graecis
2153 1002 2429 1064 Alexan-

304 1118 624 1194 drinisque
681 1116 918 1176 debeat.
1020 1117 1184 1176 Usus
1242 1124 1334 1176 est
1392 1134 1511 1176 non
1570 1116 1765 1175 solum
1823 1114 1993 1174 libris
2039 1132 2276 1196 eorum,
2325 1115 2427 1192 qui

305 1227 831 1304 Metamorphoses
868 1226 1264 1308 collegerunt,
1310 1227 1420 1286 sed
1457 1226 1636 1285 etiam
1662 1228 1925 1286 Homero
1957 1226 2032 1302 ¹),
2079 1225 2426 1308 flesi0d02)‚

305 1338 566 1399 Pindaro
597 1336 677 1419 3),
745 1336 1070 1397 Theocrito
1095 1336 1191 1419 41),
1259 1337 1576 1414 Apollonio
1643 1337 1878 1398 Rhodio
1909 1337 1988 1419 θ),
2058 1336 2426 1414 Apollodoro

306 1451 366 1511 in
393 1448 676 1509 Biblioth.
707 1446 786 1530 ⁶),
813 1447 1182 1508 Callimacho
1209 1446 1291 1530 ⁷),
1339 1447 1605 1507 Diodoro
1643 1448 1850 1507 Siculo
1879 1446 1957 1530 ⁸),
2007 1447 2311 1525 Aeschylo
2340 1446 2425 1528 ⁹),

300 1559 608 1638 Sophocle
643 1560 716 1655 ¹),
788 1558 1079 1636 Euripide
1102 1558 1160 1634 2)
1216 1558 1495 1639 aliisque,
1566 1574 1823 1635 quorum
1884 1559 1941 1618 in
2003 1560 2249 1637 scriptis
2318 1559 2425 1618 di-

442 1798 492 1860 ⁹)
552 1798 763 1850 Rariora
820 1800 1166 1858 mutationum
1223 1811 1416 1863 genera
1472 1798 1731 1850 interdum
1789 1797 2132 1864 inducuntur,
2198 1811 2425 1864 quorum

303 1885 547 1950 exempla
594 1888 744 1936 sunt:
796 1886 944 1937 ortus
990 1885 1263 1936 hominum
1312 1898 1379 1935 ex
1422 1883 1686 1948 lapidibus
1732 1884 1769 1934 1:
1810 1882 2086 1935 398—445
2123 1886 2205 1935 vel
2246 1884 2426 1935 denti-

301 1973 404 2024 bus
458 1958 683 2036 vipereis
734 1971 815 2023 111:
862 1972 1162 2036 104—4303
1216 1972 1436 2023 mutatio
1493 1971 1688 2035 duplex
1743 1969 1988 2021 Callistus
2043 1974 2093 2020 in
2149 1984 2325 2022 ursam
2374 1975 2430 2022 et

304 2060 511 2110 stellam
558 2058 617 2109 11:
665 2057 971 2122 476—5073
1016 2058 1187 2109 Echus
1237 2060 1288 2108 in
1328 2059 1609 2122 imaginem
1648 2059 1791 2108 vocis
1831 2058 1910 2108 lll:
1949 2056 2253 2121 395—4043
2289 2057 2429 2109 Her-

302 2144 618 2211 maphroditi
666 2147 720 2195 et
768 2144 1078 2196 Salmacidis
1125 2145 1178 2194 in
1228 2157 1385 2195 unum
1437 2145 1701 2195 concretio
1751 2144 1829 2196 IV:
1868 2145 2335 2208 285—3883101ai
2374 2147 2427 2196 in

295 2235 573 2299 Juvenem,
626 2232 850 2283 filiorum
905 2232 1191 2284 Callirhoes
1246 2233 1296 2282 in
1356 2231 1658 2297 impuberes
1713 2233 1933 2283 mutatio
1989 2232 2074 2283 IX:
2123 2230 2427 2298 394—4463

299 2320 497 2385 Iphidis
535 2331 565 2369 e
601 2320 797 2383 virgine
841 2320 892 2370 in
941 2332 1161 2384 puerum
1211 2321 1431 2371 mutatio
1479 2317 1565 2369 IX:
1606 2320 1912 2384 665-796·,
1951 2321 2141 2371 statuae
2179 2319 2429 2373 eburneoe

300 2409 422 2459 vitae
472 2405 687 2459 donatio
727 2405 788 2455 X:
834 2403 1129 2457 243—297.
1251 2405 1298 2464 ¹)
1337 2406 1417 2456 De
1453 2400 1693 2470 Pythone
1729 2406 1787 2466 (12
1829 2403 1960 2469 449)
2003 2404 2091 2455 cfr.
2129 2405 2317 2472 Hymn.
2359 2408 2427 2460 ad

301 2497 500 2560 Apoll.·,
539 2495 604 2545 de
640 2489 805 2543 Batto
843 2489 928 2558 (11:
952 2494 1079 2548 6791
1121 2493 1296 2559 hymn.
1339 2494 1405 2544 ad
1445 2492 1629 2556 Merc.·,
1668 2493 1734 2542 de
1753 2490 1936 2543 nautis
1981 2487 2277 2557 Tyrrhenis
2313 2494 2425 2558 (mz

301 2585 427 2645 600)
477 2583 658 2648 hymn.
705 2581 771 2631 ad
821 2580 1110 2644 Bacchum,
1159 2581 1224 2630 de
1261 2585 1425 2646 raptu
1462 2575 1806 2646 Proserpinoe
1843 2580 1927 2636 (V:
1968 2579 2097 2641 344)
2138 2581 2316 2646 hymn.
2356 2581 2423 2633 ad

185 2705 193 2712 .
297 2669 567 2730 Cererem,
605 2666 671 2717 de
707 2664 972 2717 adulterio
1020 2662 1245 2716 Veneris
1286 2666 1392 2732 (1V:
1437 2667 1568 2731 467)
1606 2665 1705 2717 Od.
1734 2666 2012 2730 vl1122663
2050 2668 2117 2718 de
2136 2681 2417 2718 armorum

288 2751 502 2820 judicio
555 2753 711 2807 lxm:
756 2755 811 2809 4)
859 2752 959 2803 Od.
1007 2753 1093 2803 xl:
1141 2751 1271 2817 5423
1328 2754 1395 2804 de
1442 2750 1620 2803 Niobe
1664 2753 1769 2815 (V1:
1822 2756 1945 2814 465)
1995 2754 2047 2804 11.
2085 2754 2265 2806 XXIV:
2304 2757 2425 2807 602.

198 2828 202 2833 ’
301 2842 348 2903 ²)
391 2843 468 2893 De
524 2835 769 2906 Typhoeo
815 2839 896 2901 (V:
937 2841 1084 2903 324),
1133 2840 1199 2891 de
1245 2839 1448 2906 nuptiis
1486 2837 1631 2890 Pelei
1669 2845 1719 2891 et
1762 2838 2016 2892 Thetide-9
2052 2842 2165 2900 ‹X12
2204 2843 2334 2903 229)
2373 2844 2425 2893 in

302 2928 619 2992 Theogonia.
708 2926 763 2976 In
819 2926 961 2976 libris
1016 2926 1301 2991 deperditis
1357 2929 1548 2979 cecinit
1612 2927 1823 2979 Hesiod.
1878 2928 1944 2980 de
2000 2924 2096 2978 IV
2152 2926 2426 2992 oetatibue,

303 3014 369 3064 de
424 3009 770 3074 Phaethonte,
825 3014 892 3064 de
946 3008 1111 3062 Mida
1159 3017 1256 3064 etc.
1368 3014 1419 3076 ⁸)
1463 3014 1540 3064 De
1583 3009 1852 3065 Coronide
1888 3016 1971 3078 (Ilz
2013 3014 2144 3079 542)
2186 3016 2339 3080 Pyth.
2377 3017 2426 3068 3.

299 3100 347 3162 ⁴)
388 3100 467 3150 De
521 3095 689 3149 Acide
743 3107 798 3148 et
853 3093 1088 3149 Galatea
1144 3099 1297 3157 lxm:
1349 3101 1478 3163 750)
1526 3095 1646 3151 Ero.
1696 3101 1781 3151 xl.
1893 3102 1945 3165 ὁ)
1982 3103 2059 3153 De
2096 3098 2425 3154 Phaethonte

301 3187 363 3247 (12
404 3186 535 3247 750)
596 3186 714 3248 Arg.
771 3185 849 3236 lV:
909 3186 1030 3249 597,
1089 3185 1154 3236 de
1207 3184 1410 3251 nuptiis
1466 3183 1612 3238 Pelei
1663 3191 1780 3253 Arg.
1829 3190 1908 3241 iv:
1948 3191 2065 3241 807.
2174 3190 2222 3253 ⁶)
2262 3191 2425 3244 Multa

300 3272 422 3322 huic
458 3271 620 3322 dehet
657 3284 737 3321 ex.
787 3271 853 3320 de
891 3266 1130 3333 Diluvio,
1168 3261 1387 3334 Semele,
1432 3269 1655 3335 Cadmo,
1692 3272 1888 3337 Niobe,
1926 3272 2143 3338 Medea,
2187 3272 2422 3343 Cephalo

303 3362 354 3407 et
405 3354 684 3418 Procride,
746 3354 1044 3422 Meleaqro,
1098 3356 1429 3424 Hyacinthe,
1482 3358 1746 3422 Adonide,
1798 3357 1966 3425 Ceyce
2023 3366 2072 3411 et
2125 3360 2426 3429 Halcyone.

306 3444 357 3508 ⁷)
395 3445 473 3495 De
509 3448 670 3510 raptu
698 3440 1047 3511 Proserpinae
1080 3447 1133 3497 in
1171 3448 1352 3513 hymn.
1391 3449 1457 3499 ad
1495 3448 1756 3513 Cererem,
1788 3449 1855 3499 de
1878 3445 2057 3499 Niobe
2087 3451 2137 3500 in
2160 3450 2339 3515 hymn.
2360 3452 2428 3503 ad

301 3532 472 3597 Apoll.
510 3532 577 3582 de
613 3528 897 3597 Meleaqro
934 3533 985 3583 in
1023 3533 1201 3598 hymn.
1232 3534 1296 3583 ad
1327 3536 1563 3586 Dianam.
1638 3534 1685 3598 θ)
1713 3534 1806 3586 Ex.
1839 3535 1904 3586 de
1923 3530 2154 3588 Doedalo
2177 3541 2226 3587 et
2243 3535 2426 3602 Icar0,

299 3613 604 3683 Meleaqu,
641 3615 888 3669 Acheloo.
924 3618 1006 3669 IV.
1134 3620 1185 3682 ⁹)
1229 3621 1307 3671 De
1345 3618 1411 3672 Io
1449 3623 1500 3672 in
1538 3622 1872 3687 Prometheo,
1912 3623 1978 3672 de
2012 3619 2342 3676 Athamante
2377 3630 2428 3676 et

297 3702 401 3754 Ino
453 3707 505 3756 in
564 3704 786 3756 Semele.
923 3705 970 3768 ¹)
1011 3706 1086 3757 De
1135 3704 1464 3759 Athamante
1511 3711 1563 3759 et
1609 3706 1728 3769 Ino,
1774 3703 2142 3771 Andromeda,
2190 3706 2425 3778 Procne,

297 3788 497 3854 Nesso,
535 3787 827 3855 Dejanira,
863 3787 1098 3841 Hercule
1145 3795 1219 3854 (in
1260 3793 1549 3857 Trachin).
1673 3795 1723 3855 ²)
1762 3796 1840 3845 De
1897 3791 2102 3847 Cadmo
2143 3798 2428 3864 (Phoen.),

292 3880 541 3933 Actoeone
581 3883 841 3947 (Bacch.)‚
880 3880 1084 3947 nuptiis
1127 3880 1272 3934 Pelei
1306 3886 1448 3952 (Iph.
1485 3887 1647 3958 Aul),
1681 3884 1907 3941 Hecuba
1948 3888 2197 3954 (Troad.)
2238 3893 2339 3943 etc.
