2792 4409
1309 221 1387 280 35

281 391 406 451 bita
454 405 566 465 per
613 386 975 446 miraculum
1023 383 1332 460 quoddam
1381 384 1539 443 facta
1586 384 1797 445 formae
1842 386 2113 446 mutati0.
2212 384 2400 463 Cujus

284 501 444 561 nulla
515 498 761 576 species
812 496 908 555 illa
967 494 1242 555 crebrior
1299 496 1432 579 fuit,
1491 512 1608 570 qua
1664 495 1769 577 dii,
1830 505 1933 555 aut
1975 506 2041 556 ut
2087 496 2402 560 maleficos

286 617 668 691 coercerent,
733 614 836 668 aut
889 614 957 666 ut
1012 605 1252 665 miseris
1299 623 1480 683 opem
1526 609 1774 688 ferrent,
1820 609 2102 669 homines
2145 608 2206 667 in
2251 608 2398 668 ani-

287 719 488 802 malia,
539 720 818 803 arbores,
867 718 1123 796 lapides,
1171 716 1377 776 stellas
1424 719 1878 777 convertebant.
1969 718 2147 778 Tales
2196 725 2400 775 meta-—

290 831 655 908 morphoses
701 830 862 907 apud
907 828 1369 904 antiquissimos
1413 836 1627 906 poetas
1672 848 1766 889 ex.
1815 847 1905 907 gr.
1954 829 2118 907 apud
2165 828 2399 888 Home—

285 958 421 1001 rum
469 947 531 1000 et
575 940 905 1000 Hesiodum
963 938 1649 1000 carminibusintextas
1694 940 2062 1002 invenimus,
2154 940 2275 1000 Sed
2322 959 2402 1000 ne

285 1051 542 1112 deerant
597 1049 866 1132 quidem,
926 1049 1029 1125 qui
1087 1040 1152 1107 in'
1202 1050 1322 1109 hoc
1379 1042 1606 1127 genere
1664 1052 2009 1128 mythorum
2069 1053 2400 1130 separatim

289 1162 678 1222 elaborarent
728 1169 1011 1237 totosque
1065 1159 1254 1219 libros
1308 1161 1901 1240 Metamorphosibus
1945 1165 2199 1224 refertos
2244 1164 2405 1223 ede-

287 1279 442 1332 rent.
548 1272 709 1332 Inter
763 1288 919 1347 quos
978 1271 1311 1348 scriptores
1358 1273 1649 1333 memoria
1699 1273 2038 1351 dignissimi
2085 1282 2228 1334 sunt
2270 1275 2403 1335 Co-

288 1384 467 1445 rinna
494 1383 572 1467 8),
624 1382 1026 1443 Callisthenes
1055 1381 1135 1464 ⁹),
1182 1383 1527 1460 Antigonus
1559 1383 1632 1464 ¹),
1679 1383 1986 1445 Nicander
2008 1384 2094 1468 2),
2142 1385 2404 1445 Parthe-

288 1495 433 1556 nius
458 1492 533 1577 ⁸),
591 1496 792 1554 Boeus
817 1492 894 1571 4).
994 1493 1232 1571 Mythos
1290 1511 1480 1570 quum
1527 1512 1560 1554 a
1608 1494 1827 1554 ceteris
1886 1503 2013 1555 tum
2059 1495 2326 1555 maxime
2369 1515 2402 1556 a

284 1606 596 1668 Nicandro
662 1612 954 1666 tractatos
1020 1604 1262 1683 collegit
1325 1606 1671 1667 Antoninus
1735 1606 2062 1689 Liberalis,
2142 1607 2406 1683 scriptor

290 1719 570 1798 GraecuS„
617 1716 718 1794 qui
763 1716 1069 1777 Antonino
1116 1717 1218 1777 Pio
1268 1720 1479 1778 Romae
1522 1725 1820 1795 regnante
1862 1719 2028 1777 vixit.

459 1828 802 1906 Mythorum
851 1828 1027 1905 copia
1074 1844 1194 1889 una
1243 1847 1384 1890 cum
1432 1830 1653 1889 ceteris
1692 1829 1972 1906 opibusa
2000 1829 2233 1890 Graecia
2272 1832 2408 1890 Ro-

289 1956 452 1998 mam
486 1939 776 1999 translata
825 1939 1117 1999 cultorem
1166 1940 1584 2002 admirabilem
1623 1949 1802 2002 nacta
1838 1947 1932 2001 est
1966 1940 2275 2022 Ovidium,
2305 1921 2407 2014 qui

291 2050 450 2109 inter
495 2058 707 2126 poetas
752 2051 1063 2110 Romanos
1109 2051 1277 2111 solus
1322 2069 1501 2129 paene
1544 2052 1664 2113 hoc
1702 2053 1760 2112 in
1810 2068 2034 2129 genere
2080 2049 2408 2127 separatim

289 2160 625 2221 elaboravit
651 2160 726 2237 ⁶).
844 2161 951 2220 Hic
1018 2179 1165 2221 vero
1232 2162 1288 2221 in
1358 2162 1551 2244 libris,
1622 2162 1700 2221 de
1765 2162 1989 2238 quibus
2038 2159 2407 2238 jampridem

291 2272 619 2353 loquimur,
667 2271 891 2349 mythis
939 2273 1219 2333 ducentis
1266 2274 1509 2334 circiter
1545 2282 1603 2333 et
1640 2272 2073 2349 quinquaginta
2112 2269 2406 2352 collectiS‚

292 2382 649 2443 thesaurum
710 2383 789 2442 ita
845 2383 1258 2444 abundantem
1318 2384 1604 2467 confecit,
1664 2394 1730 2444 ut
1785 2384 1967 2443 alium
2024 2382 2412 2460 mythologiae

296 2494 526 2555 veteris
582 2494 938 2571 magistrum
999 2494 1098 2553 vix
1157 2494 1600 2556 desideremus.
1708 2497 1836 2557 Non
1900 2494 2174 2572 singulos
2230 2494 2412 2554 modo

436 2734 491 2802 ⁸)
527 2734 660 2797 Quae
705 2736 888 2788 mulier
938 2750 984 2787 a.
1035 2738 1152 2787 circ.
1191 2737 1234 2787 D
1273 2740 1397 2788 ante
1443 2738 1704 2788 Christum
1754 2738 1881 2788 vixit
1918 2740 1971 2788 et
2004 2737 2285 2788 Pindarum
2322 2737 2416 2787 lit*

292 2826 437 2874 teras
477 2822 727 2873 docuisse
760 2822 994 2874 traditur.
1076 2821 1301 2887 Scripsit
1337 2816 1624 2887 ‘Eupotmv
1660 2823 1912 2884 Βίβλους.
2023 2821 2078 2885 ⁹)
2116 2821 2414 2888 Olynthius,

294 2908 517 2975 aequalis
559 2906 655 2958 fuit
689 2908 986 2960 Alexandro
1024 2909 1214 2972 Magno
1255 2913 1307 2959 et
1336 2909 1626 2973 discipulus
1656 2910 1966 2961 Aristotelis,
2026 2910 2099 2960 Ab
2121 2909 2416 2960 Alexandro

295 2997 516 3060 propter
564 2995 922 3059 suspicionem
971 2996 1234 3060 quandam
1274 2995 1579 3047 interfectus
1620 2998 1716 3046 est.
1793 2996 2119 3060 Conscripsit
2155 2999 2207 3045 et
2241 2995 2418 3045 histo-

294 3082 403 3132 rica
441 3080 605 3131 multa
646 3082 698 3131 et
736 3075 1234 3148 Μειαμορφώσεος.
1339 3080 1385 3145 Ι)
1430 3081 1720 3148 CorystiuS,
1758 3094 1915 3147 quem
1953 3083 2110 3131 aetate
2145 3080 2420 3131 Ptolomaei

294 3166 625 3233 Philadelphi
669 3168 867 3218 vixisse
904 3170 955 3218 et
989 3160 1342 3219 ’Λλλοιώσεις
1390 3167 1621 3218 edidisse
1660 3166 1847 3219 ferunt.
1955 3165 2006 3230 2)
2042 3165 2418 3230 Colophonius,

294 3258 416 3307 circ.
466 3268 512 3305 a.
560 3253 639 3304 CL
686 3267 731 3306 a.
779 3254 894 3305 Chr.
932 3255 1075 3306 vixit.
1163 3254 1228 3304 Et
1274 3255 1531 3306 didactica
1579 3252 1822 3319 quaedam
1862 3249 2086 3303 confecit
2134 3254 2189 3302 et
2229 3251 2418 3302 librum

297 3354 464 3394 unum
494 3334 925 3407 Ἔτεροιούμενα
954 3342 1283 3405 inscriptum.
1358 3341 1409 3404 ⁸)
1430 3340 1701 3405 BithynuS,
1730 3338 1870 3389 bello
1900 3337 2211 3390 Mitridatico
2233 3339 2420 3401 captus

297 3428 523 3480 Romam
569 3427 828 3479 adductus
876 3430 976 3478 est.
1058 3426 1154 3479 Cfr.
1195 3426 1340 3479 Suet.
1377 3427 1487 3478 Tib.
1528 3439 1642 3490 cap.
1678 3425 1834 3475 LXX.
1906 3418 2424 3487 Μεταμορφώσεων

298 3514 493 3566 librum
533 3512 827 3565 confecisse
864 3516 1092 3580 putatur.
1203 3513 1250 3577 ⁴)
1288 3513 1382 3564 Hic
1418 3515 1555 3564 inter
1590 3513 1707 3563 illos
1744 3512 1856 3579 fuit,
1895 3511 1983 3576 qui
2020 3513 2219 3562 certum
2256 3525 2422 3576 genus

302 3601 655 3653 mutationum
703 3604 1021 3652 enarrarunt.
1097 3601 1270 3653 Edidit
1314 3602 1451 3652 enim
1496 3597 1962 3665 Ornithoyoniam‚
2000 3612 2103 3663 qua
2142 3600 2207 3650 de
2242 3598 2423 3649 homi·-

302 3690 461 3741 nibus
498 3690 551 3738 in
591 3701 714 3738 aves
752 3688 1022 3740 conversis
1061 3690 1241 3753 agitur.
1351 3688 1403 3748 ⁶)
1443 3688 1661 3752 Scripsit
1706 3683 1996 3753 Appulejus
2036 3685 2246 3751 quidem
2294 3681 2429 3734 Me-

302 3775 718 3847 tammpltoseon
744 3780 927 3843 libr-OS,
959 3779 1052 3830 sed
1084 3781 1249 3845 magis
1267 3779 1961 3844 didactico-philosophicos
1984 3789 2140 3842 quam
2163 3774 2429 3842 mythico-

302 3871 501 3932 epicoS.
590 3867 832 3918 Ceterum
881 3862 1137 3931 quinus
1182 3869 1233 3918 in
1283 3863 1422 3918 libro
1456 3864 1787 3932 fabularum
1820 3879 1980 3933 prosa
2019 3862 2255 3916 oratione
2292 3875 2430 3913 con-

300 3956 499 4021 scripto
537 3952 750 4018 mythos
789 3951 964 4004 edidit.
2175 4032 2228 4078 3·
