<?xml version="1.0" encoding="UTF-8"?>
<!DOCTYPE html PUBLIC "-//W3C//DTD XHTML 1.0 Transitional//EN"
    "http://www.w3.org/TR/xhtml1/DTD/xhtml1-transitional.dtd">
<html xmlns="http://www.w3.org/1999/xhtml" xml:lang="en" lang="en">
 <head>
  <title>
</title>
<meta http-equiv="Content-Type" content="text/html;charset=utf-8" />
  <meta name='ocr-system' content='tesseract 3.04.00' />
  <meta name='ocr-capabilities' content='ocr_page ocr_carea ocr_par ocr_line ocrx_word'/>
</head>
<body>
  <div class='ocr_page' id='page_1' title='image "adlibrospovidii00unkngoog_0035.png"; bbox 0 0 2792 4409; ppageno 0'>
   <div class='ocr_carea' id='block_1_1' title="bbox 2022 0 2545 1">
    <p class='ocr_par' dir='ltr' id='par_1_1' title="bbox 2022 0 2545 1">
     <span class='ocr_line' id='line_1_1' title="bbox 2022 0 2545 1; baseline 0 0"><span class='ocrx_word' id='word_1_1' title='bbox 2022 0 2545 1; x_wconf 95' lang='lat' dir='ltr'><strong> </strong></span> 
     </span>
    </p>
   </div>
   <div class='ocr_carea' id='block_1_2' title="bbox 1284 233 1365 293">
    <p class='ocr_par' dir='ltr' id='par_1_2' title="bbox 1284 233 1365 293">
     <span class='ocr_line' id='line_1_2' title="bbox 1284 233 1365 293; baseline 0 0"><span class='ocrx_word' id='word_1_2' title='bbox 1284 233 1365 293; x_wconf 73' lang='lat'><strong>25</strong></span> 
     </span>
    </p>
   </div>
   <div class='ocr_carea' id='block_1_3' title="bbox 252 393 2392 3570">
    <p class='ocr_par' dir='ltr' id='par_1_3' title="bbox 252 393 2382 590">
     <span class='ocr_line' id='line_1_3' title="bbox 252 393 2382 479; baseline -0.007 -10"><span class='ocrx_word' id='word_1_3' title='bbox 252 409 313 469; x_wconf 88' lang='lat' dir='ltr'><strong>in</strong></span> <span class='ocrx_word' id='word_1_4' title='bbox 375 419 615 467; x_wconf 90' lang='lat' dir='ltr'><strong>annum</strong></span> <span class='ocrx_word' id='word_1_5' title='bbox 675 401 1017 479; x_wconf 87' lang='lat' dir='ltr'><strong>proximum</strong></span> <span class='ocrx_word' id='word_1_6' title='bbox 1076 401 1464 477; x_wconf 81' lang='lat' dir='ltr'><strong>designatum</strong></span> <span class='ocrx_word' id='word_1_7' title='bbox 1523 406 1584 457; x_wconf 88' lang='lat' dir='ltr'><strong>et</strong></span> <span class='ocrx_word' id='word_1_8' title='bbox 1639 400 1771 459; x_wconf 78' lang='lat' dir='ltr'><strong>Vzta</strong></span> <span class='ocrx_word' id='word_1_9' title='bbox 1831 399 1906 458; x_wconf 89' lang='lat' dir='ltr'><strong>ad</strong></span> <span class='ocrx_word' id='word_1_10' title='bbox 1953 397 2217 459; x_wconf 89' lang='lat' dir='ltr'><strong>eundem</strong></span> <span class='ocrx_word' id='word_1_11' title='bbox 2259 393 2382 472; x_wconf 87' lang='lat' dir='ltr'><strong>jam</strong></span> 
     </span>
     <span class='ocr_line' id='line_1_4' title="bbox 256 508 1996 590; baseline -0.006 -11"><span class='ocrx_word' id='word_1_12' title='bbox 256 518 606 579; x_wconf 88' lang='lat' dir='ltr'><strong>consulem.</strong></span> <span class='ocrx_word' id='word_1_13' title='bbox 693 508 1018 590; x_wconf 78' lang='lat' dir='ltr'><strong>Pompeius</strong></span> <span class='ocrx_word' id='word_1_14' title='bbox 1064 508 1277 571; x_wconf 87' lang='lat' dir='ltr'><strong>consul</strong></span> <span class='ocrx_word' id='word_1_15' title='bbox 1322 516 1453 568; x_wconf 88' lang='lat' dir='ltr'><strong>erat</strong></span> <span class='ocrx_word' id='word_1_16' title='bbox 1496 526 1553 568; x_wconf 90' lang='lat' dir='ltr'><strong>a.</strong></span> <span class='ocrx_word' id='word_1_17' title='bbox 1598 508 1996 590; x_wconf 82' lang='lat' dir='ltr'><strong>Dccl.xv11;</strong></span> 
     </span>
    </p>

    <p class='ocr_par' dir='ltr' id='par_1_4' title="bbox 265 617 2387 813">
     <span class='ocr_line' id='line_1_5' title="bbox 344 617 2387 704; baseline -0.006 -16"><span class='ocrx_word' id='word_1_18' title='bbox 344 631 460 704; x_wconf 89' lang='lat' dir='ltr'><strong>Ep.</strong></span> <span class='ocrx_word' id='word_1_19' title='bbox 525 626 689 685; x_wconf 81' lang='lat' dir='ltr'><strong>V1:ta</strong></span> <span class='ocrx_word' id='word_1_20' title='bbox 759 624 835 683; x_wconf 87' lang='lat' dir='ltr'><strong>ad</strong></span> <span class='ocrx_word' id='word_1_21' title='bbox 892 626 1141 683; x_wconf 80' lang='lat' dir='ltr'><strong>Brutum</strong></span> <span class='ocrx_word' id='word_1_22' title='bbox 1198 626 1454 698; x_wconf 83' lang='lat' dir='ltr'><strong>accepto</strong></span> <span class='ocrx_word' id='word_1_23' title='bbox 1516 619 1724 679; x_wconf 91' lang='lat' dir='ltr'><strong>nuntio</strong></span> <span class='ocrx_word' id='word_1_24' title='bbox 1770 619 1847 679; x_wconf 91' lang='lat' dir='ltr'><strong>de</strong></span> <span class='ocrx_word' id='word_1_25' title='bbox 1892 626 2087 679; x_wconf 89' lang='lat' dir='ltr'><strong>morte</strong></span> <span class='ocrx_word' id='word_1_26' title='bbox 2129 617 2387 695; x_wconf 82' lang='lat' dir='ltr'>Augusti</span> 
     </span>
     <span class='ocr_line' id='line_1_6' title="bbox 265 727 2002 813; baseline -0.006 -14"><span class='ocrx_word' id='word_1_27' title='bbox 265 747 327 799; x_wconf 90' lang='lat' dir='ltr'><strong>et</strong></span> <span class='ocrx_word' id='word_1_28' title='bbox 368 737 612 799; x_wconf 80' lang='lat' dir='ltr'><strong>Maximi</strong></span> <span class='ocrx_word' id='word_1_29' title='bbox 661 735 847 795; x_wconf 88' lang='lat' dir='ltr'><strong>missa</strong></span> <span class='ocrx_word' id='word_1_30' title='bbox 878 732 965 813; x_wconf 72' lang='lat'><strong>⁹),</strong></span> <span class='ocrx_word' id='word_1_31' title='bbox 1995 727 2002 732; x_wconf 70' lang='grc'><em>”</em></span> 
     </span>
    </p>

    <p class='ocr_par' dir='ltr' id='par_1_5' title="bbox 262 838 2386 1253">
     <span class='ocr_line' id='line_1_7' title="bbox 351 838 2385 925; baseline -0.004 -17"><span class='ocrx_word' id='word_1_32' title='bbox 351 850 462 925; x_wconf 88' lang='lat' dir='ltr'><strong>Ep.</strong></span> <span class='ocrx_word' id='word_1_33' title='bbox 511 848 723 923; x_wconf 76' lang='lat' dir='ltr'><strong>lX1na,</strong></span> <span class='ocrx_word' id='word_1_34' title='bbox 776 845 838 904; x_wconf 87' lang='lat' dir='ltr'><strong>in</strong></span> <span class='ocrx_word' id='word_1_35' title='bbox 894 858 1015 918; x_wconf 89' lang='lat' dir='ltr'><strong>qua</strong></span> <span class='ocrx_word' id='word_1_36' title='bbox 1075 842 1353 902; x_wconf 87' lang='lat' dir='ltr'><strong>Graeeino</strong></span> <span class='ocrx_word' id='word_1_37' title='bbox 1414 841 1648 902; x_wconf 86' lang='lat' dir='ltr'><strong>consuli</strong></span> <span class='ocrx_word' id='word_1_38' title='bbox 1713 838 2032 916; x_wconf 85' lang='lat' dir='ltr'><strong>designato</strong></span> <span class='ocrx_word' id='word_1_39' title='bbox 2090 847 2150 899; x_wconf 87' lang='lat' dir='ltr'><strong>et</strong></span> <span class='ocrx_word' id='word_1_40' title='bbox 2192 840 2385 900; x_wconf 90' lang='lat' dir='ltr'><strong>Pom-</strong></span> 
     </span>
     <span class='ocr_line' id='line_1_8' title="bbox 262 951 2386 1038; baseline -0.005 -19"><span class='ocrx_word' id='word_1_41' title='bbox 262 958 450 1038; x_wconf 88' lang='lat' dir='ltr'><strong>ponio</strong></span> <span class='ocrx_word' id='word_1_42' title='bbox 516 957 741 1017; x_wconf 88' lang='lat' dir='ltr'><strong>Flacco</strong></span> <span class='ocrx_word' id='word_1_43' title='bbox 806 952 882 1011; x_wconf 85' lang='lat' dir='ltr'><strong>illi</strong></span> <span class='ocrx_word' id='word_1_44' title='bbox 952 967 1324 1012; x_wconf 85' lang='lat' dir='ltr'><strong>successuro</strong></span> <span class='ocrx_word' id='word_1_45' title='bbox 1391 952 1742 1028; x_wconf 73' lang='lat' dir='ltr'>gratulatur.</span> <span class='ocrx_word' id='word_1_46' title='bbox 1860 951 2117 1011; x_wconf 81' lang='lat' dir='ltr'>Flaccus</span> <span class='ocrx_word' id='word_1_47' title='bbox 2183 956 2386 1009; x_wconf 89' lang='lat' dir='ltr'><strong>autem</strong></span> 
     </span>
     <span class='ocr_line' id='line_1_9' title="bbox 266 1059 2384 1144; baseline -0.005 -16"><span class='ocrx_word' id='word_1_48' title='bbox 266 1067 488 1128; x_wconf 80' lang='lat' dir='ltr'><strong>consul</strong></span> <span class='ocrx_word' id='word_1_49' title='bbox 541 1072 674 1125; x_wconf 87' lang='lat' dir='ltr'><strong>erat</strong></span> <span class='ocrx_word' id='word_1_50' title='bbox 728 1082 782 1124; x_wconf 91' lang='lat' dir='ltr'><strong>a.</strong></span> <span class='ocrx_word' id='word_1_51' title='bbox 843 1063 1179 1144; x_wconf 86' lang='lat' dir='ltr'><strong>DCCLXX,</strong></span> <span class='ocrx_word' id='word_1_52' title='bbox 1237 1078 1313 1120; x_wconf 84' lang='lat' dir='ltr'><strong>ex</strong></span> <span class='ocrx_word' id='word_1_53' title='bbox 1357 1078 1478 1137; x_wconf 90' lang='lat' dir='ltr'><strong>quo</strong></span> <span class='ocrx_word' id='word_1_54' title='bbox 1526 1060 1719 1138; x_wconf 79' lang='lat' dir='ltr'>colligi</span> <span class='ocrx_word' id='word_1_55' title='bbox 1767 1066 1988 1142; x_wconf 89' lang='lat' dir='ltr'><strong>potest,</strong></span> <span class='ocrx_word' id='word_1_56' title='bbox 2035 1059 2196 1120; x_wconf 87' lang='lat' dir='ltr'><strong>hanc</strong></span> <span class='ocrx_word' id='word_1_57' title='bbox 2241 1059 2384 1136; x_wconf 90' lang='lat' dir='ltr'><strong>epi-</strong></span> 
     </span>
     <span class='ocr_line' id='line_1_10' title="bbox 268 1172 1485 1253; baseline -0.005 -15"><span class='ocrx_word' id='word_1_58' title='bbox 268 1177 491 1238; x_wconf 84' lang='lat' dir='ltr'><strong>stolam</strong></span> <span class='ocrx_word' id='word_1_59' title='bbox 538 1193 592 1236; x_wconf 89' lang='lat' dir='ltr'><strong>a.</strong></span> <span class='ocrx_word' id='word_1_60' title='bbox 639 1173 923 1235; x_wconf 87' lang='lat' dir='ltr'>DCCLlX</span> <span class='ocrx_word' id='word_1_61' title='bbox 969 1187 1111 1232; x_wconf 84' lang='lat' dir='ltr'><strong>esse</strong></span> <span class='ocrx_word' id='word_1_62' title='bbox 1156 1172 1485 1253; x_wconf 75' lang='lat' dir='ltr'><strong>scriptam,</strong></span> 
     </span>
    </p>

    <p class='ocr_par' dir='ltr' id='par_1_6' title="bbox 357 1279 1903 1363">
     <span class='ocr_line' id='line_1_11' title="bbox 357 1279 1903 1363; baseline -0.004 -16"><span class='ocrx_word' id='word_1_63' title='bbox 357 1288 470 1363; x_wconf 90' lang='lat' dir='ltr'><strong>Ep.</strong></span> <span class='ocrx_word' id='word_1_64' title='bbox 514 1287 692 1346; x_wconf 80' lang='lat' dir='ltr'><strong>sza</strong></span> <span class='ocrx_word' id='word_1_65' title='bbox 739 1292 949 1344; x_wconf 86' lang='lat' dir='ltr'><strong>aestate</strong></span> <span class='ocrx_word' id='word_1_66' title='bbox 992 1300 1046 1343; x_wconf 90' lang='lat' dir='ltr'><strong>a.</strong></span> <span class='ocrx_word' id='word_1_67' title='bbox 1093 1282 1462 1344; x_wconf 84' lang='lat' dir='ltr'>DCCLXVII</span> <span class='ocrx_word' id='word_1_68' title='bbox 1507 1283 1782 1342; x_wconf 78' lang='lat' dir='ltr'><strong>confecta</strong></span> <span class='ocrx_word' id='word_1_69' title='bbox 1816 1279 1903 1362; x_wconf 78' lang='grc'><strong>1);</strong></span> 
     </span>
    </p>

    <p class='ocr_par' dir='ltr' id='par_1_7' title="bbox 265 1391 2387 1809">
     <span class='ocr_line' id='line_1_12' title="bbox 358 1391 2387 1477; baseline -0.003 -20"><span class='ocrx_word' id='word_1_70' title='bbox 358 1399 468 1475; x_wconf 92' lang='lat' dir='ltr'><strong>Ep.</strong></span> <span class='ocrx_word' id='word_1_71' title='bbox 517 1397 799 1477; x_wconf 77' lang='lat' dir='ltr'><strong>Xllltma,</strong></span> <span class='ocrx_word' id='word_1_72' title='bbox 858 1410 997 1474; x_wconf 83' lang='lat' dir='ltr'><strong>quae</strong></span> <span class='ocrx_word' id='word_1_73' title='bbox 1051 1392 1235 1470; x_wconf 91' lang='lat' dir='ltr'><strong>paulo</strong></span> <span class='ocrx_word' id='word_1_74' title='bbox 1290 1400 1435 1470; x_wconf 85' lang='lat' dir='ltr'><strong>post</strong></span> <span class='ocrx_word' id='word_1_75' title='bbox 1476 1399 1733 1452; x_wconf 84' lang='lat' dir='ltr'><strong>mortem</strong></span> <span class='ocrx_word' id='word_1_76' title='bbox 1778 1391 2034 1469; x_wconf 80' lang='lat' dir='ltr'>Augusti</span> <span class='ocrx_word' id='word_1_77' title='bbox 2082 1391 2387 1469; x_wconf 87' lang='lat' dir='ltr'><strong>cognitam</strong></span> 
     </span>
     <span class='ocr_line' id='line_1_13' title="bbox 268 1500 2385 1584; baseline -0.004 -16"><span class='ocrx_word' id='word_1_78' title='bbox 268 1509 505 1584; x_wconf 85' lang='lat' dir='ltr'><strong>scripta</strong></span> <span class='ocrx_word' id='word_1_79' title='bbox 564 1506 801 1566; x_wconf 90' lang='lat' dir='ltr'><strong>videtur</strong></span> <span class='ocrx_word' id='word_1_80' title='bbox 822 1505 901 1580; x_wconf 77' lang='lat'><strong>²).</strong></span> <span class='ocrx_word' id='word_1_81' title='bbox 996 1504 1062 1563; x_wconf 91' lang='lat' dir='ltr'><strong>ln</strong></span> <span class='ocrx_word' id='word_1_82' title='bbox 1108 1503 1325 1564; x_wconf 83' lang='lat' dir='ltr'><strong>eadem</strong></span> <span class='ocrx_word' id='word_1_83' title='bbox 1368 1501 1623 1580; x_wconf 88' lang='lat' dir='ltr'><strong>epistola</strong></span> <span class='ocrx_word' id='word_1_84' title='bbox 1669 1503 2056 1583; x_wconf 80' lang='lat' dir='ltr'><strong>Germanice,</strong></span> <span class='ocrx_word' id='word_1_85' title='bbox 2103 1500 2223 1562; x_wconf 87' lang='lat' dir='ltr'><strong>filio</strong></span> <span class='ocrx_word' id='word_1_86' title='bbox 2267 1500 2385 1560; x_wconf 88' lang='lat' dir='ltr'><strong>Ti·-</strong></span> 
     </span>
     <span class='ocr_line' id='line_1_14' title="bbox 265 1603 2384 1696; baseline -0.005 -17"><span class='ocrx_word' id='word_1_87' title='bbox 265 1617 427 1679; x_wconf 82' lang='lat' dir='ltr'><strong>herii</strong></span> <span class='ocrx_word' id='word_1_88' title='bbox 490 1634 602 1695; x_wconf 87' lang='lat' dir='ltr'><strong>per</strong></span> <span class='ocrx_word' id='word_1_89' title='bbox 649 1603 1081 1696; x_wconf 73' lang='lat' dir='ltr'><strong>adoptionem,</strong></span> <span class='ocrx_word' id='word_1_90' title='bbox 1150 1612 1452 1673; x_wconf 89' lang='lat' dir='ltr'><strong>seditione</strong></span> <span class='ocrx_word' id='word_1_91' title='bbox 1514 1611 1823 1689; x_wconf 86' lang='lat' dir='ltr'><strong>legionum</strong></span> <span class='ocrx_word' id='word_1_92' title='bbox 1880 1611 2384 1674; x_wconf 89' lang='lat' dir='ltr'><strong>Germanicarum</strong></span> 
     </span>
     <span class='ocr_line' id='line_1_15' title="bbox 266 1723 1806 1809; baseline -0.005 -19"><span class='ocrx_word' id='word_1_93' title='bbox 266 1736 599 1809; x_wconf 81' lang='lat' dir='ltr'><strong>occupate,</strong></span> <span class='ocrx_word' id='word_1_94' title='bbox 659 1741 1021 1803; x_wconf 80' lang='lat' dir='ltr'><strong>prosperam</strong></span> <span class='ocrx_word' id='word_1_95' title='bbox 1066 1725 1371 1784; x_wconf 83' lang='lat' dir='ltr'><strong>fortunam</strong></span> <span class='ocrx_word' id='word_1_96' title='bbox 1415 1730 1702 1800; x_wconf 89' lang='lat' dir='ltr'><strong>precatur</strong></span> <span class='ocrx_word' id='word_1_97' title='bbox 1730 1723 1806 1800; x_wconf 81' lang='lat'><strong>³).</strong></span> 
     </span>
    </p>

    <p class='ocr_par' dir='ltr' id='par_1_8' title="bbox 266 1833 2387 2011">
     <span class='ocr_line' id='line_1_16' title="bbox 437 1833 2387 1917; baseline -0.002 -20"><span class='ocrx_word' id='word_1_98' title='bbox 437 1838 724 1898; x_wconf 82' lang='lat' dir='ltr'><strong>Decessit</strong></span> <span class='ocrx_word' id='word_1_99' title='bbox 788 1836 1068 1917; x_wconf 78' lang='lat' dir='ltr'><strong>OvidiuS,</strong></span> <span class='ocrx_word' id='word_1_100' title='bbox 1131 1835 1191 1894; x_wconf 92' lang='lat' dir='ltr'><strong>id</strong></span> <span class='ocrx_word' id='word_1_101' title='bbox 1260 1835 1424 1912; x_wconf 89' lang='lat' dir='ltr'><strong>quod</strong></span> <span class='ocrx_word' id='word_1_102' title='bbox 1490 1833 1647 1892; x_wconf 89' lang='lat' dir='ltr'><strong>inter</strong></span> <span class='ocrx_word' id='word_1_103' title='bbox 1702 1850 1919 1895; x_wconf 89' lang='lat' dir='ltr'><strong>omnes</strong></span> <span class='ocrx_word' id='word_1_104' title='bbox 1977 1833 2283 1917; x_wconf 87' lang='lat' dir='ltr'><strong>convenit,</strong></span> <span class='ocrx_word' id='word_1_105' title='bbox 2330 1851 2387 1894; x_wconf 90' lang='lat' dir='ltr'><strong>a.</strong></span> 
     </span>
     <span class='ocr_line' id='line_1_17' title="bbox 266 1949 609 2011; baseline -0.015 1"><span class='ocrx_word' id='word_1_106' title='bbox 266 1949 609 2011; x_wconf 87' lang='lat' dir='ltr'><strong>DCCLXX.</strong></span> 
     </span>
    </p>

    <p class='ocr_par' dir='ltr' id='par_1_9' title="bbox 272 2054 2386 2246">
     <span class='ocr_line' id='line_1_18' title="bbox 438 2054 2386 2138; baseline -0.001 -20"><span class='ocrx_word' id='word_1_107' title='bbox 438 2059 531 2120; x_wconf 84' lang='lat' dir='ltr'><strong>Ad</strong></span> <span class='ocrx_word' id='word_1_108' title='bbox 606 2058 767 2117; x_wconf 87' lang='lat' dir='ltr'><strong>hane</strong></span> <span class='ocrx_word' id='word_1_109' title='bbox 830 2056 970 2117; x_wconf 83' lang='lat' dir='ltr'><strong>vitae</strong></span> <span class='ocrx_word' id='word_1_110' title='bbox 1036 2055 1485 2116; x_wconf 82' lang='lat' dir='ltr'><strong>enarrationem</strong></span> <span class='ocrx_word' id='word_1_111' title='bbox 1563 2054 1969 2135; x_wconf 86' lang='lat' dir='ltr'><strong>adjungamus</strong></span> <span class='ocrx_word' id='word_1_112' title='bbox 2037 2072 2386 2138; x_wconf 87' lang='lat' dir='ltr'><strong>perpauca,</strong></span> 
     </span>
     <span class='ocr_line' id='line_1_19' title="bbox 272 2165 2008 2246; baseline -0.001 -17"><span class='ocrx_word' id='word_1_113' title='bbox 272 2186 418 2246; x_wconf 83' lang='lat' dir='ltr'><strong>quae</strong></span> <span class='ocrx_word' id='word_1_114' title='bbox 459 2169 535 2228; x_wconf 88' lang='lat' dir='ltr'><strong>ad</strong></span> <span class='ocrx_word' id='word_1_115' title='bbox 582 2166 910 2244; x_wconf 83' lang='lat' dir='ltr'><strong>imaginem</strong></span> <span class='ocrx_word' id='word_1_116' title='bbox 959 2165 1156 2226; x_wconf 87' lang='lat' dir='ltr'><strong>Ovidii</strong></span> <span class='ocrx_word' id='word_1_117' title='bbox 1205 2165 1638 2226; x_wconf 84' lang='lat' dir='ltr'><strong>declarandam</strong></span> <span class='ocrx_word' id='word_1_118' title='bbox 1684 2166 2008 2243; x_wconf 82' lang='lat' dir='ltr'><strong>pertinent.</strong></span> 
     </span>
    </p>

    <p class='ocr_par' dir='ltr' id='par_1_10' title="bbox 266 2275 2392 3570">
     <span class='ocr_line' id='line_1_20' title="bbox 439 2275 2388 2359; baseline -0.002 -21"><span class='ocrx_word' id='word_1_119' title='bbox 439 2280 570 2338; x_wconf 84' lang='lat' dir='ltr'><strong>Jam</strong></span> <span class='ocrx_word' id='word_1_120' title='bbox 630 2294 816 2354; x_wconf 88' lang='lat' dir='ltr'><strong>supra</strong></span> <span class='ocrx_word' id='word_1_121' title='bbox 875 2277 1171 2359; x_wconf 82' lang='lat' dir='ltr'><strong>diximuS,</strong></span> <span class='ocrx_word' id='word_1_122' title='bbox 1221 2293 1480 2354; x_wconf 86' lang='lat' dir='ltr'><strong>corpore</strong></span> <span class='ocrx_word' id='word_1_123' title='bbox 1532 2275 1795 2335; x_wconf 86' lang='lat' dir='ltr'><strong>invalido</strong></span> <span class='ocrx_word' id='word_1_124' title='bbox 1840 2275 2202 2351; x_wconf 82' lang='lat' dir='ltr'><strong>infirmoque</strong></span> <span class='ocrx_word' id='word_1_125' title='bbox 2248 2292 2388 2334; x_wconf 89' lang='lat' dir='ltr'><strong>eum</strong></span> 
     </span>
     <span class='ocr_line' id='line_1_21' title="bbox 274 2385 2392 2464; baseline -0.002 -16"><span class='ocrx_word' id='word_1_126' title='bbox 274 2388 473 2449; x_wconf 81' lang='lat' dir='ltr'><strong>fuisse</strong></span> <span class='ocrx_word' id='word_1_127' title='bbox 524 2395 708 2464; x_wconf 88' lang='lat' dir='ltr'><strong>atque</strong></span> <span class='ocrx_word' id='word_1_128' title='bbox 764 2394 967 2446; x_wconf 84' lang='lat' dir='ltr'><strong>mente</strong></span> <span class='ocrx_word' id='word_1_129' title='bbox 1023 2403 1240 2464; x_wconf 86' lang='lat' dir='ltr'><strong>parum</strong></span> <span class='ocrx_word' id='word_1_130' title='bbox 1298 2392 1438 2464; x_wconf 88' lang='lat' dir='ltr'><strong>apta</strong></span> <span class='ocrx_word' id='word_1_131' title='bbox 1483 2385 1675 2446; x_wconf 89' lang='lat' dir='ltr'><strong>labori</strong></span> <span class='ocrx_word' id='word_1_132' title='bbox 1698 2385 1777 2463; x_wconf 77' lang='lat'><strong>⁴).</strong></span> <span class='ocrx_word' id='word_1_133' title='bbox 1826 2386 2284 2458; x_wconf 85' lang='lat' dir='ltr'><strong>-Quamobrem</strong></span> <span class='ocrx_word' id='word_1_134' title='bbox 2331 2391 2392 2444; x_wconf 90' lang='lat' dir='ltr'><strong>et</strong></span> 
     </span>
     <span class='ocr_line' id='line_1_22' title="bbox 276 2495 2388 2573; baseline -0.002 -15"><span class='ocrx_word' id='word_1_135' title='bbox 276 2497 515 2559; x_wconf 87' lang='lat' dir='ltr'><strong>curiam</strong></span> <span class='ocrx_word' id='word_1_136' title='bbox 537 2495 596 2573; x_wconf 76' lang='lat'><strong>⁴)</strong></span> <span class='ocrx_word' id='word_1_137' title='bbox 655 2503 716 2556; x_wconf 86' lang='lat' dir='ltr'><strong>et</strong></span> <span class='ocrx_word' id='word_1_138' title='bbox 757 2496 1027 2558; x_wconf 86' lang='lat' dir='ltr'><strong>militiam</strong></span> <span class='ocrx_word' id='word_1_139' title='bbox 1057 2495 1115 2571; x_wconf 64' lang='grc'><strong>6)</strong></span> <span class='ocrx_word' id='word_1_140' title='bbox 1171 2496 1411 2573; x_wconf 84' lang='lat' dir='ltr'><strong>fugiens</strong></span> <span class='ocrx_word' id='word_1_141' title='bbox 1456 2497 1645 2556; x_wconf 87' lang='lat' dir='ltr'><strong>otium</strong></span> <span class='ocrx_word' id='word_1_142' title='bbox 1687 2496 2083 2555; x_wconf 87' lang='lat' dir='ltr'><strong>vehementer</strong></span> <span class='ocrx_word' id='word_1_143' title='bbox 2126 2501 2388 2572; x_wconf 84' lang='lat' dir='ltr'><strong>expete-</strong></span> 
     </span>
     <span class='ocr_line' id='line_1_23' title="bbox 271 2604 2389 2690; baseline -0.001 -23"><span class='ocrx_word' id='word_1_144' title='bbox 271 2609 383 2667; x_wconf 84' lang='lat' dir='ltr'><strong>bat</strong></span> <span class='ocrx_word' id='word_1_145' title='bbox 403 2606 486 2690; x_wconf 80' lang='lat'><strong>⁴),</strong></span> <span class='ocrx_word' id='word_1_146' title='bbox 545 2623 665 2666; x_wconf 90' lang='lat' dir='ltr'><strong>non</strong></span> <span class='ocrx_word' id='word_1_147' title='bbox 725 2606 868 2666; x_wconf 92' lang='lat' dir='ltr'><strong>illud</strong></span> <span class='ocrx_word' id='word_1_148' title='bbox 927 2607 1171 2682; x_wconf 89' lang='lat' dir='ltr'><strong>quidem</strong></span> <span class='ocrx_word' id='word_1_149' title='bbox 1220 2607 1379 2682; x_wconf 89' lang='lat' dir='ltr'><strong>quod</strong></span> <span class='ocrx_word' id='word_1_150' title='bbox 1431 2613 1525 2665; x_wconf 87' lang='lat' dir='ltr'><strong>est</strong></span> <span class='ocrx_word' id='word_1_151' title='bbox 1567 2605 1625 2664; x_wconf 90' lang='lat' dir='ltr'><strong>in</strong></span> <span class='ocrx_word' id='word_1_152' title='bbox 1676 2604 1820 2663; x_wconf 83' lang='lat' dir='ltr'><strong>nibil</strong></span> <span class='ocrx_word' id='word_1_153' title='bbox 1865 2604 2101 2682; x_wconf 86' lang='lat' dir='ltr'><strong>agendo</strong></span> <span class='ocrx_word' id='word_1_154' title='bbox 2150 2639 2228 2648; x_wconf 93' lang='lat'>—</span> <span class='ocrx_word' id='word_1_155' title='bbox 2270 2604 2389 2665; x_wconf 87' lang='lat' dir='ltr'><strong>tale</strong></span> 
     </span>
     <span class='ocr_line' id='line_1_24' title="bbox 271 2714 2387 2794; baseline -0.001 -16"><span class='ocrx_word' id='word_1_156' title='bbox 271 2719 462 2778; x_wconf 87' lang='lat' dir='ltr'><strong>otium</strong></span> <span class='ocrx_word' id='word_1_157' title='bbox 528 2718 686 2776; x_wconf 81' lang='lat' dir='ltr'><strong>ferre</strong></span> <span class='ocrx_word' id='word_1_158' title='bbox 751 2717 1001 2777; x_wconf 88' lang='lat' dir='ltr'><strong>omnino</strong></span> <span class='ocrx_word' id='word_1_159' title='bbox 1067 2735 1184 2776; x_wconf 91' lang='lat' dir='ltr'><strong>non</strong></span> <span class='ocrx_word' id='word_1_160' title='bbox 1243 2723 1482 2793; x_wconf 87' lang='lat' dir='ltr'><strong>poterat</strong></span> <span class='ocrx_word' id='word_1_161' title='bbox 1506 2714 1562 2791; x_wconf 83' lang='lat'><strong>⁶)</strong></span> <span class='ocrx_word' id='word_1_162' title='bbox 1633 2747 1706 2760; x_wconf 87' lang='lat'><strong>—-</strong></span> <span class='ocrx_word' id='word_1_163' title='bbox 1765 2715 1871 2775; x_wconf 82' lang='lat' dir='ltr'><strong>sed</strong></span> <span class='ocrx_word' id='word_1_164' title='bbox 1921 2717 2106 2794; x_wconf 90' lang='lat' dir='ltr'><strong>quod,</strong></span> <span class='ocrx_word' id='word_1_165' title='bbox 2152 2723 2387 2776; x_wconf 89' lang='lat' dir='ltr'><strong>remota</strong></span> 
     </span>
     <span class='ocr_line' id='line_1_25' title="bbox 274 2824 2388 2910; baseline 0 -22"><span class='ocrx_word' id='word_1_166' title='bbox 274 2826 687 2905; x_wconf 85' lang='lat' dir='ltr'><strong>occupatione</strong></span> <span class='ocrx_word' id='word_1_167' title='bbox 742 2828 911 2910; x_wconf 89' lang='lat' dir='ltr'><strong>belli,</strong></span> <span class='ocrx_word' id='word_1_168' title='bbox 969 2826 1338 2907; x_wconf 83' lang='lat' dir='ltr'><strong>ambitionis,</strong></span> <span class='ocrx_word' id='word_1_169' title='bbox 1402 2828 1726 2906; x_wconf 89' lang='lat' dir='ltr'><strong>honorum,</strong></span> <span class='ocrx_word' id='word_1_170' title='bbox 1785 2825 1920 2907; x_wconf 85' lang='lat' dir='ltr'><strong>fori,</strong></span> <span class='ocrx_word' id='word_1_171' title='bbox 1966 2824 2027 2885; x_wconf 91' lang='lat' dir='ltr'><strong>id</strong></span> <span class='ocrx_word' id='word_1_172' title='bbox 2072 2826 2388 2903; x_wconf 87' lang='lat' dir='ltr'><strong>proprium</strong></span> 
     </span>
     <span class='ocr_line' id='line_1_26' title="bbox 273 2934 2389 3020; baseline 0 -22"><span class='ocrx_word' id='word_1_173' title='bbox 273 2940 531 3000; x_wconf 87' lang='lat' dir='ltr'><strong>habeat:</strong></span> <span class='ocrx_word' id='word_1_174' title='bbox 578 2938 669 2998; x_wconf 85' lang='lat' dir='ltr'><strong>sie</strong></span> <span class='ocrx_word' id='word_1_175' title='bbox 714 2937 946 3020; x_wconf 81' lang='lat' dir='ltr'><strong>vivere,</strong></span> <span class='ocrx_word' id='word_1_176' title='bbox 993 2944 1058 2997; x_wconf 86' lang='lat' dir='ltr'><strong>ut</strong></span> <span class='ocrx_word' id='word_1_177' title='bbox 1100 2936 1271 2995; x_wconf 83' lang='lat' dir='ltr'><strong>velis.</strong></span> <span class='ocrx_word' id='word_1_178' title='bbox 1355 2934 1561 2995; x_wconf 89' lang='lat' dir='ltr'><strong>Otium</strong></span> <span class='ocrx_word' id='word_1_179' title='bbox 1608 2942 1809 2995; x_wconf 87' lang='lat' dir='ltr'><strong>autem</strong></span> <span class='ocrx_word' id='word_1_180' title='bbox 1854 2934 1914 2994; x_wconf 90' lang='lat' dir='ltr'><strong>in</strong></span> <span class='ocrx_word' id='word_1_181' title='bbox 1960 2936 2218 3014; x_wconf 84' lang='lat' dir='ltr'><strong>legendo</strong></span> <span class='ocrx_word' id='word_1_182' title='bbox 2263 2956 2389 3016; x_wconf 91' lang='lat' dir='ltr'><strong>po-</strong></span> 
     </span>
     <span class='ocr_line' id='line_1_27' title="bbox 274 3021 2389 3130; baseline 0 -24"><span class='ocrx_word' id='word_1_183' title='bbox 274 3046 583 3107; x_wconf 82' lang='lat' dir='ltr'><strong>tissimum</strong></span> <span class='ocrx_word' id='word_1_184' title='bbox 628 3055 687 3109; x_wconf 86' lang='lat' dir='ltr'><strong>et</strong></span> <span class='ocrx_word' id='word_1_185' title='bbox 730 3048 1084 3130; x_wconf 80' lang='lat' dir='ltr'><strong>scribendO,</strong></span> <span class='ocrx_word' id='word_1_186' title='bbox 1113 3021 1191 3105; x_wconf 55' lang='lat' dir='ltr'><strong>&#39;in</strong></span> <span class='ocrx_word' id='word_1_187' title='bbox 1236 3045 1511 3106; x_wconf 87' lang='lat' dir='ltr'><strong>colendis</strong></span> <span class='ocrx_word' id='word_1_188' title='bbox 1548 3045 1783 3106; x_wconf 85' lang='lat' dir='ltr'><strong>artibus</strong></span> <span class='ocrx_word' id='word_1_189' title='bbox 1820 3045 2195 3127; x_wconf 81' lang='lat' dir='ltr'><strong>liberalibuS,</strong></span> <span class='ocrx_word' id='word_1_190' title='bbox 2235 3064 2389 3122; x_wconf 85' lang='lat' dir='ltr'><strong>quas</strong></span> 
     </span>
     <span class='ocr_line' id='line_1_28' title="bbox 273 3154 2388 3234; baseline -0 -16"><span class='ocrx_word' id='word_1_191' title='bbox 273 3158 390 3218; x_wconf 84' lang='lat' dir='ltr'><strong>rite</strong></span> <span class='ocrx_word' id='word_1_192' title='bbox 455 3158 758 3219; x_wconf 85' lang='lat' dir='ltr'><strong>aestimare</strong></span> <span class='ocrx_word' id='word_1_193' title='bbox 822 3157 1122 3217; x_wconf 76' lang='lat' dir='ltr'><strong>didicerat</strong></span> <span class='ocrx_word' id='word_1_194' title='bbox 1145 3154 1225 3234; x_wconf 79' lang='lat'><strong>⁷),</strong></span> <span class='ocrx_word' id='word_1_195' title='bbox 1294 3156 1645 3232; x_wconf 89' lang='lat' dir='ltr'><strong>ponendum</strong></span> <span class='ocrx_word' id='word_1_196' title='bbox 1708 3156 2130 3216; x_wconf 80' lang='lat' dir='ltr'><strong>arbitrabatur.</strong></span> <span class='ocrx_word' id='word_1_197' title='bbox 2243 3157 2388 3217; x_wconf 85' lang='lat' dir='ltr'><strong>Haec</strong></span> 
     </span>
     <span class='ocr_line' id='line_1_29' title="bbox 275 3264 2391 3351; baseline 0 -24"><span class='ocrx_word' id='word_1_198' title='bbox 275 3270 497 3351; x_wconf 87' lang='lat' dir='ltr'><strong>studia,</strong></span> <span class='ocrx_word' id='word_1_199' title='bbox 557 3268 703 3329; x_wconf 89' lang='lat' dir='ltr'><strong>dum</strong></span> <span class='ocrx_word' id='word_1_200' title='bbox 752 3268 986 3328; x_wconf 83' lang='lat' dir='ltr'><strong>fortuna</strong></span> <span class='ocrx_word' id='word_1_201' title='bbox 1034 3265 1218 3346; x_wconf 89' lang='lat' dir='ltr'><strong>stetit,</strong></span> <span class='ocrx_word' id='word_1_202' title='bbox 1265 3282 1404 3323; x_wconf 89' lang='lat' dir='ltr'><strong>eum</strong></span> <span class='ocrx_word' id='word_1_203' title='bbox 1452 3264 1837 3324; x_wconf 78' lang='lat' dir='ltr'><strong>delectabant</strong></span> <span class='ocrx_word' id='word_1_204' title='bbox 1863 3264 1948 3346; x_wconf 68' lang='lat'><strong>⁸),</strong></span> <span class='ocrx_word' id='word_1_205' title='bbox 1997 3264 2152 3347; x_wconf 84' lang='lat' dir='ltr'><strong>baec,</strong></span> <span class='ocrx_word' id='word_1_206' title='bbox 2201 3283 2391 3342; x_wconf 91' lang='lat' dir='ltr'><strong>quum</strong></span> 
     </span>
     <span class='ocr_line' id='line_1_30' title="bbox 274 3372 2390 3455; baseline -0 -17"><span class='ocrx_word' id='word_1_207' title='bbox 274 3378 537 3439; x_wconf 85' lang='lat' dir='ltr'><strong>adversa</strong></span> <span class='ocrx_word' id='word_1_208' title='bbox 584 3378 820 3455; x_wconf 86' lang='lat' dir='ltr'><strong>spirare</strong></span> <span class='ocrx_word' id='word_1_209' title='bbox 867 3376 1196 3455; x_wconf 86' lang='lat' dir='ltr'><strong>coepisset,</strong></span> <span class='ocrx_word' id='word_1_210' title='bbox 1242 3374 1366 3435; x_wconf 89' lang='lat' dir='ltr'><strong>sola</strong></span> <span class='ocrx_word' id='word_1_211' title='bbox 1415 3391 1555 3433; x_wconf 87' lang='lat' dir='ltr'><strong>eum</strong></span> <span class='ocrx_word' id='word_1_212' title='bbox 1603 3372 2077 3433; x_wconf 85' lang='lat' dir='ltr'><strong>consolabantur</strong></span> <span class='ocrx_word' id='word_1_213' title='bbox 2104 3373 2179 3450; x_wconf 87' lang='lat'><strong>⁹).</strong></span> <span class='ocrx_word' id='word_1_214' title='bbox 2267 3378 2390 3437; x_wconf 89' lang='lat' dir='ltr'><strong>Res</strong></span> 
     </span>
     <span class='ocr_line' id='line_1_31' title="bbox 266 3483 2387 3570; baseline -0.001 -21"><span class='ocrx_word' id='word_1_215' title='bbox 266 3497 475 3549; x_wconf 86' lang='lat' dir='ltr'><strong>tamen</strong></span> <span class='ocrx_word' id='word_1_216' title='bbox 544 3488 923 3565; x_wconf 86' lang='lat' dir='ltr'><strong>privatorum</strong></span> <span class='ocrx_word' id='word_1_217' title='bbox 992 3484 1342 3568; x_wconf 81' lang='lat' dir='ltr'><strong>omniaque,</strong></span> <span class='ocrx_word' id='word_1_218' title='bbox 1412 3500 1551 3559; x_wconf 84' lang='lat' dir='ltr'><strong>quae</strong></span> <span class='ocrx_word' id='word_1_219' title='bbox 1612 3484 1689 3543; x_wconf 87' lang='lat' dir='ltr'><strong>ad</strong></span> <span class='ocrx_word' id='word_1_220' title='bbox 1744 3500 1885 3544; x_wconf 91' lang='lat' dir='ltr'><strong>eum</strong></span> <span class='ocrx_word' id='word_1_221' title='bbox 1939 3483 2142 3544; x_wconf 87' lang='lat' dir='ltr'><strong>delata</strong></span> <span class='ocrx_word' id='word_1_222' title='bbox 2194 3495 2387 3570; x_wconf 87' lang='lat' dir='ltr'><strong>erant,</strong></span> 
     </span>
    </p>
   </div>
   <div class='ocr_carea' id='block_1_4' title="bbox 263 3681 2388 4018">
    <p class='ocr_par' dir='ltr' id='par_1_11' title="bbox 263 3681 2388 4018">
     <span class='ocr_line' id='line_1_32' title="bbox 413 3681 2386 3756; baseline 0 -16"><span class='ocrx_word' id='word_1_223' title='bbox 413 3692 460 3753; x_wconf 82' lang='lat'><strong>⁹)</strong></span> <span class='ocrx_word' id='word_1_224' title='bbox 496 3705 549 3741; x_wconf 86' lang='lat' dir='ltr'><strong>v.</strong></span> <span class='ocrx_word' id='word_1_225' title='bbox 587 3691 779 3740; x_wconf 70' lang='lat'><strong>5—46.</strong></span> <span class='ocrx_word' id='word_1_226' title='bbox 894 3687 938 3748; x_wconf 84' lang='lat'><strong>¹)</strong></span> <span class='ocrx_word' id='word_1_227' title='bbox 974 3703 1024 3739; x_wconf 78' lang='lat' dir='ltr'><strong>v,</strong></span> <span class='ocrx_word' id='word_1_228' title='bbox 1065 3691 1112 3755; x_wconf 76' lang='grc'><strong>4,</strong></span> <span class='ocrx_word' id='word_1_229' title='bbox 1149 3690 1201 3739; x_wconf 77' lang='lat'><strong>2.</strong></span> <span class='ocrx_word' id='word_1_230' title='bbox 1299 3688 1349 3752; x_wconf 74' lang='grc'><strong>2)</strong></span> <span class='ocrx_word' id='word_1_231' title='bbox 1387 3704 1438 3740; x_wconf 83' lang='lat' dir='ltr'><strong>v.</strong></span> <span class='ocrx_word' id='word_1_232' title='bbox 1475 3681 1574 3756; x_wconf 78' lang='lat'><strong>25,&#39;</strong></span> <span class='ocrx_word' id='word_1_233' title='bbox 1599 3692 1684 3741; x_wconf 78' lang='lat'><strong>26.</strong></span> <span class='ocrx_word' id='word_1_234' title='bbox 1778 3690 1829 3754; x_wconf 77' lang='lat'><strong>⁸)</strong></span> <span class='ocrx_word' id='word_1_235' title='bbox 1869 3688 1966 3742; x_wconf 84' lang='lat' dir='ltr'><strong>vid</strong></span> <span class='ocrx_word' id='word_1_236' title='bbox 2001 3689 2220 3743; x_wconf 79' lang='lat' dir='ltr'><strong>Sueten.</strong></span> <span class='ocrx_word' id='word_1_237' title='bbox 2275 3692 2386 3743; x_wconf 87' lang='lat' dir='ltr'><strong>Tib.</strong></span> 
     </span>
     <span class='ocr_line' id='line_1_33' title="bbox 268 3773 2388 3845; baseline 0 -15"><span class='ocrx_word' id='word_1_238' title='bbox 268 3778 430 3831; x_wconf 82' lang='lat' dir='ltr'><strong>xxv,</strong></span> <span class='ocrx_word' id='word_1_239' title='bbox 540 3776 596 3840; x_wconf 73' lang='lat'><strong>⁴)</strong></span> <span class='ocrx_word' id='word_1_240' title='bbox 636 3774 666 3824; x_wconf 74' lang='lat'><strong>4</strong></span> <span class='ocrx_word' id='word_1_241' title='bbox 714 3774 866 3825; x_wconf 76' lang='lat' dir='ltr'><strong>Trist.</strong></span> <span class='ocrx_word' id='word_1_242' title='bbox 912 3773 975 3824; x_wconf 86' lang='lat' dir='ltr'><strong>x:</strong></span> <span class='ocrx_word' id='word_1_243' title='bbox 1026 3773 1248 3826; x_wconf 67' lang='lat'><strong>37-40.</strong></span> <span class='ocrx_word' id='word_1_244' title='bbox 1363 3776 1414 3840; x_wconf 77' lang='lat'><strong>⁵)</strong></span> <span class='ocrx_word' id='word_1_245' title='bbox 1457 3775 1488 3826; x_wconf 71' lang='lat'><strong>4</strong></span> <span class='ocrx_word' id='word_1_246' title='bbox 1534 3777 1684 3828; x_wconf 77' lang='lat' dir='ltr'><strong>Trist.</strong></span> <span class='ocrx_word' id='word_1_247' title='bbox 1731 3777 1768 3827; x_wconf 88' lang='lat'><strong>1:</strong></span> <span class='ocrx_word' id='word_1_248' title='bbox 1807 3779 1892 3844; x_wconf 69' lang='lat'><strong>7⁴,</strong></span> <span class='ocrx_word' id='word_1_249' title='bbox 1931 3779 2015 3829; x_wconf 76' lang='lat'><strong>72.</strong></span> <span class='ocrx_word' id='word_1_250' title='bbox 2128 3777 2180 3840; x_wconf 60' lang='grc' dir='ltr'><strong>ο)</strong></span> <span class='ocrx_word' id='word_1_251' title='bbox 2225 3779 2245 3826; x_wconf 74' lang='lat'>⁴</span> <span class='ocrx_word' id='word_1_252' title='bbox 2290 3780 2388 3845; x_wconf 85' lang='lat' dir='ltr'><strong>Ep.</strong></span> 
     </span>
     <span class='ocr_line' id='line_1_34' title="bbox 264 3860 2387 3930; baseline 0.001 -16"><span class='ocrx_word' id='word_1_253' title='bbox 264 3865 328 3915; x_wconf 84' lang='lat' dir='ltr'><strong>V:</strong></span> <span class='ocrx_word' id='word_1_254' title='bbox 367 3864 453 3928; x_wconf 87' lang='grc'><strong>43,</strong></span> <span class='ocrx_word' id='word_1_255' title='bbox 494 3862 579 3913; x_wconf 87' lang='grc'><strong>44.</strong></span> <span class='ocrx_word' id='word_1_256' title='bbox 672 3861 725 3925; x_wconf 84' lang='lat'><strong>⁷)</strong></span> <span class='ocrx_word' id='word_1_257' title='bbox 765 3863 785 3911; x_wconf 74' lang='grc'><strong><em>4</em></strong></span> <span class='ocrx_word' id='word_1_258' title='bbox 832 3860 929 3927; x_wconf 91' lang='lat' dir='ltr'><strong>Ep.</strong></span> <span class='ocrx_word' id='word_1_259' title='bbox 966 3861 1047 3912; x_wconf 83' lang='lat' dir='ltr'><strong>VI:</strong></span> <span class='ocrx_word' id='word_1_260' title='bbox 1086 3864 1135 3927; x_wconf 84' lang='lat'><strong>7,</strong></span> <span class='ocrx_word' id='word_1_261' title='bbox 1174 3863 1223 3912; x_wconf 88' lang='lat'><strong>8.</strong></span> <span class='ocrx_word' id='word_1_262' title='bbox 1315 3862 1363 3926; x_wconf 77' lang='lat'><strong>⁸)</strong></span> <span class='ocrx_word' id='word_1_263' title='bbox 1404 3860 1435 3912; x_wconf 88' lang='grc'><strong><em>4</em></strong></span> <span class='ocrx_word' id='word_1_264' title='bbox 1472 3863 1622 3915; x_wconf 87' lang='lat' dir='ltr'><strong>Trist.</strong></span> <span class='ocrx_word' id='word_1_265' title='bbox 1659 3863 1723 3914; x_wconf 87' lang='lat' dir='ltr'><strong>X:</strong></span> <span class='ocrx_word' id='word_1_266' title='bbox 1763 3861 1820 3913; x_wconf 74' lang='grc'><strong>44</strong></span> <span class='ocrx_word' id='word_1_267' title='bbox 1866 3876 1986 3930; x_wconf 87' lang='lat' dir='ltr'><strong>sqq.</strong></span> <span class='ocrx_word' id='word_1_268' title='bbox 2076 3863 2125 3927; x_wconf 70' lang='lat'><strong>⁹)</strong></span> <span class='ocrx_word' id='word_1_269' title='bbox 2163 3864 2195 3913; x_wconf 78' lang='lat'>5</span> <span class='ocrx_word' id='word_1_270' title='bbox 2232 3864 2387 3916; x_wconf 83' lang='lat' dir='ltr'><strong>Trist.</strong></span> 
     </span>
     <span class='ocr_line' id='line_1_35' title="bbox 263 3949 557 4018; baseline -0.017 -15"><span class='ocrx_word' id='word_1_271' title='bbox 263 3952 304 4003; x_wconf 92' lang='lat'><strong>1:</strong></span> <span class='ocrx_word' id='word_1_272' title='bbox 343 3952 431 4018; x_wconf 82' lang='lat'><strong>33,</strong></span> <span class='ocrx_word' id='word_1_273' title='bbox 472 3949 557 4000; x_wconf 87' lang='grc'><strong>34.</strong></span> 
     </span>
    </p>
   </div>
  </div>
 </body>
</html>
