2792 4409
1432 205 1513 267 22

421 386 561 454 que,
631 369 805 448 cuius
861 389 1030 451 saepe
1083 372 1373 450 pietatem
1432 370 1907 447 fidelitatemque
1968 369 2353 454 collaudavit,
2404 368 2536 448 jam

423 482 772 565 exprobrat,
852 484 1015 559 quod
1078 482 1344 559 amplius
1399 481 1626 542 habeat
1682 480 2011 542 voluntatis
2066 481 2141 542 ad
2200 486 2537 559 optandum

420 608 604 667 quam
660 593 937 655 audaciae
988 594 1068 655 ad
1114 594 1462 656 conandum
1491 592 1563 669 ⁸).
1653 594 1897 654 Precari
1942 600 2148 654 tamen
2194 612 2535 671 numquam

422 708 650 782 cessat,
697 710 763 763 ut
804 704 1012 764 mitius
1056 703 1173 764 sibi
1221 704 1399 766 detur
1446 704 1722 765 exsilium
1753 704 1830 779 ⁹).
2173 787 2180 793 .

591 812 694 876 Sic
750 829 937 890 quum
999 821 1136 876 octo
1182 814 1425 877 circiter
1469 831 1666 874 annos
1712 814 1886 874 malis
1934 814 2279 876 cumulatos
2324 818 2535 877 Tomis

412 923 826 1001 sransegisset
868 926 1216 1003 frustraque
1261 924 1744 986 misericordiam
1781 924 2096 985 Caesarum
2121 924 2538 1008 implorasset,

424 1048 590 1092 mors
654 1036 902 1096 tandem
967 1033 1320 1095 misericors
1387 1033 1597 1094 exsilio
1660 1051 1800 1092 eum
1866 1032 2165 1094 liberavit.
2264 1036 2540 1096 Tomitas

424 1149 662 1206 mortuo
727 1152 1192 1208 monumentum
1257 1143 1588 1220 donavisse
1653 1144 1814 1204 fama
1877 1151 1995 1220 est.
2105 1146 2253 1222 Ipse⁴
2298 1145 2534 1205 titulum

422 1253 751 1329 reliquerat
793 1256 1077 1333 sepulcro
1120 1255 1584 1317 inscribendum
1617 1254 1693 1332 ¹).

442 1427 447 1430 ,
595 1366 730 1437 Quo
774 1381 937 1428 anno
978 1368 1237 1428 Romam
1281 1365 1596 1442 reliquerit
1639 1364 1917 1447 OvidiuS,
1974 1363 2130 1425 inter
2172 1365 2386 1425 doctos
2426 1364 2537 1423 vi-

426 1491 530 1535 ros
585 1493 706 1536 non
765 1476 1071 1540 convenit.
1163 1475 1279 1538 Alii
1337 1476 1500 1538 enim
1557 1493 1613 1537 a.
1654 1476 1937 1558 DCCLX,
1984 1476 2079 1536 alii
2126 1493 2182 1535 a.
2226 1475 2537 1557 DGCLXI,

416 1584 526 1646 alii
570 1585 835 1661 denique
876 1599 933 1648 a.
979 1586 1292 1648 DCCLXII
1336 1586 1759 1648 defenderunt.
1817 1586 2257 1664 copiosissime
2299 1585 2417 1646 hac
2459 1585 2544 1644 de

427 1712 496 1754 re
551 1695 874 1774 disput-ans
929 1695 1075 1757 clar.
1131 1696 1565 1758 Messenius
1609 1698 1873 1775 probare
1917 1704 2198 1777 conatur,
2258 1713 2379 1756 non
2426 1694 2547 1755 nisi

424 1806 616 1889 illum,
675 1824 858 1883 quem
916 1814 1295 1884 postremum
1349 1808 1551 1891 posui,
1611 1825 1828 1869 verum
1875 1823 2100 1867 annum
2148 1804 2550 1884 profectionis

430 1936 571 1978 esse
624 1917 924 1995 potuisse.
1019 1917 1116 1978 Ab
1171 1918 1291 1978 hoc
1344 1924 1547 1977 tamen
1608 1919 1844 1979 audens
1890 1916 2547 1992 dissentireequidem

431 2046 488 2090 a.·
533 2029 821 2090 DCCLXI
862 2027 1066 2105 potius
1111 2043 1359 2102 sequor.
1438 2028 1635 2098 Quam
1675 2027 2047 2090 seutentiam
2091 2027 2187 2087 his
2229 2026 2551 2104 proecipue

428 2138 809 2216 argumentis
857 2137 1185 2202 confirmo:
1252 2116 1257 2121 ⁴
1328 2209 1332 2213 ¹

596 2252 757 2327 lpse
793 2249 994 2316 decem
1048 2245 1246 2310 &astra
1298 2247 1381 2309 ait
1426 2266 1459 2308 a
1503 2266 1574 2309 se
1618 2247 1752 2307 sine
1794 2246 1933 2307 labe
1975 2257 2227 2324 peracta
2250 2252 2327 2329 2).
2411 2252 2552 2313 Na·-

420 2368 533 2424 -tus
589 2369 684 2420 est
725 2377 783 2422 a.
828 2359 1066 2422 DCCXI
1094 2356 1152 2434 3)
1216 2358 1315 2420 die
1357 2358 1550 2419 Martii
1593 2360 1830 2418 XX2mo
1855 2358 1938 2442 4),
1987 2362 2129 2438 fuga
2177 2370 2378 2423 autem
2415 2370 2551 2423 ‘ex-

424 2478 626 2532 tremo
683 2487 844 2532 anno
899 2474 1190 2545 suscepta
1249 2475 1365 2530 est.
1469 2471 1678 2541 Quare
1733 2469 1783 2529 si
1840 2470 1900 2530 in
1958 2488 2013 2530 a.
2071 2470 2381 2536 DGCLXII
2419 2490 2549 2534 ea·-

431 2581 671 2644 lamitas
739 2579 932 2661 cadit,
1001 2579 1258 2656 propius
1302 2595 1531 2639 aunum
1577 2578 2154 2657 quinquagesimum
2202 2584 2551 2650 seeundum

428 2691 695 2754 Ovidius
762 2690 890 2754 fuit..
1000 2690 1124 2752 Sed
1188 2690 1293 2751 vix
1355 2689 1485 2749 veri
1550 2688 1748 2749 simile
1812 2690 2046 2774 habe0‚
2115 2710 2288 2774 eum,
2355 2692 2410 2752 si
2465 2692 2551 2753 ita

426 2800 677 2882 suisset,
726 2800 917 2866 modo
975 2799 1073 2862 illo
1127 2816 1239 2877 per
1292 2798 1484 2860 lustra
1539 2799 1637 2859 vel
1689 2800 2087 2879 Olympiades
2137 2799 2554 2862 annos⁵indi-

434 2909 618 2974 candi
660 2910 968 2976 ambobus
1010 2909 1070 2974 ll.
1114 2908 1435 2972 ll.usurum
1486 2909 1698 2970 fuisse.
2257 2921 2260 2926 ·

600 3021 668 3080 In
714 3022 750 3080 4
795 3019 986 3098 Epist.
1035 3021 1114 3082 Vl
1140 3020 1221 3103 ⁵),
1268 3035 1408 3095 qum
1452 3020 1683 3098 scripta
1729 3026 1823 3080 est
1871 3020 2051 3097 paulo
2098 3027 2240 3099 post
2273 3019 2553 3079 nuntium

432 3132 516 3194 de
570 3138 767 3196 morte
825 3129 1084 3207 Augusti
1126 3135 1475 3211 acceptum,
1523 3132 1795 3209 quinque
1840 3149 2035 3193 annos
2080 3150 2112 3191 a
2162 3149 2230 3191 se
2273 3130 2333 3189 in
2381 3131 2555 3206 Scy-

434 3242 562 3304 thia
628 3242 776 3304 dicit
840 3255 980 3302 esse
1044 3247 1414 3302 transactos,
1523 3243 1871 3320 Augustum
1940 3248 2180 3302 constat
2251 3248 2559 3300 mortuum

439 3371 578 3414 esse
623 3353 722 3413 die
764 3354 902 3414 XIX
945 3355 1111 3413 Sext.
1158 3368 1215 3413 a.
1256 3352 1645 3413 DCCLXVII.
1740 3352 2001 3414 Nuntius
2046 3356 2247 3412 autem
2295 3349 2557 3412 maxima

440 3462 574 3524 sine
616 3461 856 3552 sdubio,
928 3480 1049 3540 qua
1114 3462 1241 3523 fieri
1269 3485 1288 3550 ι·
1307 3462 1536 3543 potuit,
1608 3459 1914 3521 celeritate
1982 3461 2353 3542 perductus,
2422 3465 2564 3519 ante

436 3817 441 3822 .
583 3747 631 3808 ⁸)
669 3747 701 3797 3
737 3746 831 3812 Ep.
868 3746 905 3796 1:
945 3744 1171 3807 34—48,
1206 3744 1311 3797 VII:
1353 3743 1573 3795 Η-Ηι.
1617 3795 1624 3801 ,
1660 3743 1709 3806 ⁹)
1749 3742 1779 3794 4
1814 3743 1911 3808 Ep.
1948 3743 2056 3794 XV:
2095 3744 2181 3796 2⁴.
2260 3740 2304 3805 ¹)
2343 3743 2373 3792 3
2412 3742 2571 3792 Trist.

436 3835 520 3891 111:
560 3834 783 3893 74-80.
911 3831 962 3896 ²)
1002 3830 1033 3882 4
1070 3832 1220 3884 Trist.
1266 3831 1391 3896 Vlll:
1434 3833 1517 3898 33,
1557 3831 1899 3890 &sa—98.
2017 3829 2066 3891 ²)
2106 3829 2229 3891 Pag.
2266 3830 2316 3882 7,
2443 3828 2495 3888 4)
2540 3828 2574 3880 4

442 3917 592 3969 Trist.
631 3919 695 3970 X:
738 3915 959 3967 ⁴⁴-⁴4.
1033 3917 1131 3968 Cir.
1170 3917 1310 3968 Fast.
1350 3918 1429 3969 111:
1469 3916 1762 3970 sos—8⁴4.
1874 3917 1919 3979 ⁵)
1955 3930 2005 3965 v.
2044 3915 2096 3980 5,
2134 3916 2183 3964 6.
2249 3963 2254 3968 .

2659 3938 2694 3952 x
