2792 4409
1340 225 1417 286 47

403 392 459 450 5.
512 385 872 449 Consolatio
921 387 1009 449 od
1046 385 1301 449 Liviam
1344 388 1421 450 de
1459 399 1657 452 morte
1696 387 1922 453 Drusi.

489 500 1001 562 venustissimam
1051 500 1211 560 banc
1256 500 1535 584 elegiam,
1584 517 1765 577 quam
1813 502 2198 586 Scaliger,
2250 506 2439 566 Vos-

324 614 520 696 siuS,
599 611 992 693 HeinsiuS,
1058 613 1536 671 Burmannus
1597 611 1818 688 aliique
1872 617 2039 677 multi
2098 614 2437 677 doctissimi

325 725 541 786 Ovidio
590 723 914 784 noluerunt
956 723 1244 806 tribuere,
1292 721 1599 805 equidem,
1636 723 1835 785 donec
1879 728 2194 804 graviores
2238 726 2439 787 ratio-

325 854 436 897 nes
470 836 665 896 allatae
710 841 906 917 erunt,
954 835 1013 893 in
1064 833 1381 894 ovidianis
1426 833 1771 893 habendam
1820 851 1962 897 esse
2006 846 2151 916 puto
2197 836 2440 898 duobus

326 948 589 1009 maxime
611 946 791 1005 nixus
816 943 1211 1024 argumentiS,
1239 962 1362 1004 uno
1386 943 1548 1020 quod
1574 953 1822 1021 propter
1861 946 2221 1025 elegantiam
2262 965 2440 1009 suam

324 1068 384 1120 et
428 1056 845 1137 praestantiam
889 1056 1134 1117 Nasone
1177 1054 1354 1132 digna
1412 1061 1526 1138 est,
1593 1055 1779 1118 altero
1826 1058 1988 1134 quod
2034 1056 2441 1133 antiquissimi

324 1171 590 1231 editores
647 1167 724 1225 illi
781 1184 916 1227 eam
976 1167 1339 1227 tribuerunt.
1446 1168 1747 1239 Quoniam
1807 1170 2073 1228 'Drusum
2134 1174 2440 1228 mortuum

328 1298 468 1341 esse
525 1286 763 1340 constat
817 1296 871 1339 a.
927 1278 1289 1361 DCCXLIV,
1346 1295 1470 1338 non
1527 1278 1712 1338 multo
1768 1287 1909 1355 post
1965 1278 2296 1339 consolatio
2343 1276 2441 1339 illa

325 1394 550 1471 scripta
599 1399 694 1452 est
717 1387 799 1468 ⁴).

413 1561 469 1619 6.
515 1554 672 1619 Nux
714 1552 953 1639 Eleyia.

491 1673 553 1731 ln
615 1670 734 1729 hoc
781 1667 1076 1749 carmine,
1126 1668 1289 1744 quod
1336 1675 1646 1729 auctorem
1693 1669 2085 1729 immaturum
2135 1676 2193 1728 at
2235 1676 2441 1746 tamen

327 1782 617 1845 Ovidium
662 1779 915 1860 indicat,
961 1779 1196 1838 arbora
1232 1779 1747 1856 praetereuntibus
1792 1779 2097 1857 lapidibus
2143 1788 2360 1841 vexata
2388 1779 2443 1856 ⁶)

328 1883 875 1970 comparationem
917 1889 1165 1965 querula
1236 1891 1380 1949 facit
1446 1891 1599 1950 inter
1663 1891 1870 1970 prisca
1938 1890 2181 1973 secula,
2250 1908 2440 1968 quum

327 2003 605 2064 fertilitati
643 2000 1138 2078 simplicitatique
1173 2000 1266 2060 sui
1305 2002 1571 2061 honores
1604 2002 2017 2062 tribuerentur
2043 1999 2123 2083 ⁶),
2171 2007 2231 2060 et
2256 2018 2439 2083 nova,

327 2131 464 2191 quae
518 2112 774 2174 luxuriae
827 2111 1200 2187 vanitatique
1256 2111 1459 2170 dedita
1504 2128 1604 2172 res
1648 2130 1796 2173 vere
1846 2113 2024 2173 utiles
2067 2111 2359 2172 laederent
2379 2109 2443 2193 ⁷)

327 2233 385 2285 at
427 2224 617 2288 inutili
666 2221 993 2302 splendore
1039 2228 1418 2282 ostentantes
1463 2222 1665 2299 magni
1712 2223 2085 2284 aestimarent
2109 2221 2188 2300 ⁸).

1132 2444 1228 2502 ΙΙΙ.
1317 2442 1632 2503 Didnctica.

413 2584 467 2644 4.
514 2578 696 2644 Artis
742 2579 1086 2646 Amatorioe
1129 2578 1320 2642 ,Libri
1361 2574 1506 2640 III.

490 2722 595 2782 His
638 2721 831 2803 libris,
891 2722 993 2797 qui
1037 2718 1406 2781 didacticam
1452 2718 1725 2797 speciem
1769 2737 1899 2798 prae
1943 2739 2011 2782 se
2056 2722 2280 2803 ferunt,
2324 2737 2435 2781 re·-

325 2848 465 2892 vera
535 2830 881 2891 continetur
933 2829 1230 2907 expositio
1286 2831 1752 2891 consuetudinis
1794 2834 2208 2893 Romanorum
2246 2829 2438 2909 juve-

329 2958 497 3024 num,
544 2958 682 3019 quae
727 2942 972 3019 quidem
1020 2941 1094 3000 ad
1143 2941 1432 3001 amatoria
1480 2940 1829 3018 pertineret.
1877 2942 2190 3021 Nusquam
2234 2951 2444 3030 tamen·

327 3051 466 3110 heic
523 3052 720 3128 agitur
774 3053 852 3111 de
896 3067 1105 3112 amore
1145 3050 1412 3128 ingenuo
1458 3059 1642 3128 atque
1685 3060 1880 3135 casto,
1927 3054 2037 3114 sed
2082 3054 2159 3114 de
2204 3052 2439 3113 lascivo

325 3161 428 3221 illo
490 3162 546 3221 in
616 3161 930 3222 libertinas
993 3168 1053 3221 et
1119 3161 1499 3243 meretrices,
1560 3163 1660 3239 qui
1718 3181 1890 3226 amor
1945 3165 2096 3228 tunc
2144 3162 2439 3241 temporis

327 3289 568 3332 omnem
616 3290 793 3350 paene
828 3288 1059 3332 morem
1094 3272 1508 3332 Romanorum
1543 3272 1986 3349 inquinaverat.
2034 3275 2207 3350 Opus
2231 3291 2437 3358 suum,

308 3363 501 3458 'cujus
564 3383 626 3443 in
688 3382 941 3446 exordio
1009 3398 1281 3442 amorem
1354 3390 1482 3442 arte
1547 3383 1810 3460 quadam
1870 3384 1953 3443 ait
2007 3399 2146 3444 esse
2205 3400 2438 3464 regen-

462 3667 519 3730 ⁴)
553 3669 665 3720 vid.
711 3671 896 3722 Amar
944 3668 1093 3723 Praef.
1129 3673 1179 3723 in
1228 3669 1671 3722 consolationem.
1755 3669 1849 3721 Hic
1886 3671 2064 3722 tamen
2099 3669 2442 3722 vehementer

327 3760 463 3810 earat
500 3757 731 3812 Drusum
766 3756 953 3807 eodem
993 3769 1132 3810 anno
1173 3760 1437 3810 mortuum
1474 3768 1596 3806 esse
1633 3756 1832 3820 dicem,
1865 3769 1970 3820 quo
2005 3756 2221 3808 Ovidius
2249 3755 2439 3821 pulsus

324 3845 422 3896 est.
497 3842 863 3898 confundit*-
885 3842 1144 3898 mirabile!
1177 3872 1246 3884 -ψ
1275 3857 1321 3893 a.
1359 3841 1429 3893 lX
1470 3851 1593 3894 ante
1632 3844 1683 3892 et
1719 3856 1764 3893 a.
1804 3842 1872 3892 [X
1906 3845 2046 3910 post.
2091 3840 2206 3893 Chr.
2237 3844 2439 3894 natum.

325 3928 372 3989 ⁵)
412 3942 459 3978 v.
498 3930 548 3994 2,
592 3930 814 3981 35—50.
889 3928 940 3996 ⁶)
973 3944 1023 3982 v.
1061 3932 1247 3984 7—45.
1358 3929 1408 3992 ⁷)
1446 3943 1496 3980 v.
1535 3928 1620 3997 93,
1660 3929 1759 3980 ⁴07
1804 3942 1923 4018 gqq.
2035 3926 2087 3993 ⁸)
2127 3943 2177 3978 v.
2218 3929 2281 3979 ⁴7
2318 3942 2440 3997 sqq.
