2792 4409
1342 233 1381 294 '7

312 407 602 467 tinentem
646 402 783 463 vitae
825 401 1304 479 descriptionem
1352 402 1416 461 in
1459 402 1638 464 Trist.
1688 403 1816 464 Lib.
1865 406 1943 465 IV
1984 405 2150 484 Eleg.
2201 407 2255 465 X
2287 415 2406 466 ‘re-

311 517 500 594 liquit.
585 516 679 577 Ab
732 516 866 594 ipso
920 513 1127 589 itaque
1168 527 1307 590 quae
1351 514 1428 575 ad
1469 529 1970 594 unumquemque
2013 518 2213 580 locum
2259 526 2396 597 apta

313 629 678 689 videbuntur
720 637 1023 707 petemus,

474 739 669 801 Patria
723 747 855 800 erat
906 739 1140 820 Sulmo,
1200 737 1352 798 urbs
1405 738 1811 822 Pelignorum,
1869 741 1945 801 ad
2002 741 2183 819 qu‘am
2229 745 2401 805 tertia

312 868 456 931 pars
498 851 724 929 Peligni
768 851 926 911 ruris
968 850 1308 928 pertinebat
1334 850 1410 924 ⁶).
1496 852 1684 912 Natus
1727 858 1821 912 est
1863 869 1938 912 eo
1981 869 2139 915 anno

559 965 760 1036 Quum
809 962 1032 1023 cecidit
1074 963 1194 1022 fato
1242 963 1453 1024 consul
1500 971 1752 1042 uterque
1794 965 1923 1042 pari
1953 964 2027 1040 ο).

318 1077 632 1155 Significat
695 1077 840 1136 satis
905 1075 1240 1136 luculenter
1305 1092 1355 1134 a.
1401 1092 1463 1134 u.
1512 1091 1565 1136 c.
1634 1076 1892 1159 DCCXI,
1961 1076 2060 1153 qui
2121 1078 2406 1139 consules

315 1189 525 1250 habuit
582 1186 830 1247 Hirtium
884 1195 945 1247 et
997 1189 1280 1249 Pansam.
1380 1189 1447 1246 Hi
1504 1203 1691 1264 quum
1737 1189 2035 1249 adversus
2077 1188 2405 1251 Antonium

320 1301 649 1362 exercitum
704 1299 1041 1382 duxissent,
1099 1299 1261 1377 apud
1327 1299 1615 1360 Mutinam
1687 1301 1744 1362 d.
1795 1301 1845 1361 V
1890 1307 2032 1360 ante
2094 1301 2218 1365 Cal.
2274 1300 2407 1380 Maj.

317 1429 583 1493 pugnam
640 1411 860 1494 iniere,
917 1428 1039 1487 qua
1091 1411 1418 1472 Antonium
1476 1418 1714 1471 constat
1769 1412 2063 1494 fugatum,
2121 1415 2407 1476 consules

318 1527 580 1586 victores
624 1523 741 1583 vita
788 1539 928 1583 esse
969 1522 1261 1600 privatos,
1308 1523 1458 1582 Nam
1503 1540 1688 1600 quum
1737 1524 1959 1584 Hirtius
2003 1524 2137 1602 ipso
2180 1526 2407 1604 proelio

318 1638 660 1717 cecidisset,
708 1635 903 1697 Pansa
946 1641 1193 1711 postero
1235 1634 1333 1695 die
1376 1635 1732 1696 vulneribus
1779 1635 2046 1698 moritur.

482 1747 762 1825 Equestri
814 1747 949 1807 loco
1006 1763 1075 1806 se
1128 1754 1326 1807 ortum
1370 1764 1510 1807 esse
1553 1747 1779 1825 saepius
1825 1747 2004 1809 docet
2048 1749 2303 1812 Ovidius
2326 1748 2409 1830 ⁷).

320 1866 408 1925 Ex
461 1862 557 1942 iis,
614 1876 755 1937 quae
804 1859 881 1918 de
938 1858 1126 1936 stirpe
1181 1858 1393 1943 attulit,
1453 1856 1755 1935 conjicere
1811 1841 1986 1920 etiarn
2045 1861 2205 1944 licet,
2270 1880 2409 1924 eum

322 1977 476 2036 inter
524 1971 658 2033 ilios
718 1967 988 2031 habitum
1043 1987 1204 2054 esse,
1261 1971 1363 2047 qui
1418 1979 1666 2049 propter
1709 1972 2123 2049 antiquitatem
2170 1974 2411 2052 generis

324 2101 541 2162 resque
587 2089 791 2161 gestas
834 2079 1126 2157 majorum
1171 2081 1459 2164 Illustrat,
1507 2083 1807 2166 Speciosi,
1855 2085 2165 2162 splendidi
2213 2103 2409 2147 voca—

325 2205 526 2258 rentur
551 2195 628 2271 8).
721 2196 989 2255 Fratrem
1036 2194 1246 2255 habuit
1287 2193 1404 2253 sibi
1451 2190 2037 2281 conjunctissimum,
2086 2215 2204 2257 uno
2250 2215 2408 2259 anno

328 2307 637 2387 majorem,
684 2306 783 2383 qui
830 2321 1024 2366 annos
1069 2304 1281 2380 viginti
1327 2312 1506 2364 natus
1552 2305 1819 2366 decessit
1845 2303 1920 2384 ⁹).
1998 2310 2173 2368 Pater
2216 2325 2411 2386 usque

326 2423 399 2482 ad
443 2435 670 2481 annum
730 2417 1192 2495 nonagesimum
1239 2416 1385 2477 vixit
1428 2418 1736 2495 multoque
1780 2435 1920 2482 cum
1964 2419 2106 2480 fletu
2150 2421 2249 2481 filii
2296 2439 2408 2483 se-

322 2534 522 2613 pultus
568 2538 661 2591 est
691 2531 761 2605 ¹).
849 2530 1035 2590 Mater
1087 2531 1303 2590 eodem
1358 2530 1488 2590 fere
1526 2539 1801 2607 tempore
1845 2537 2078 2592 mortua
2124 2548 2263 2593 esse
2304 2533 2408 2592 vi—

324 2646 496 2706 detur
516 2643 598 2719 2).
702 2642 990 2702 Parentes
1042 2643 1178 2719 pios
1233 2642 1426 2702 fuisse
1476 2657 1805 2718 amoreque
1865 2642 2121 2703 filiorum
2169 2643 2407 2728 dignos,

321 2775 396 2818 ex
449 2755 549 2816 iilo
602 2755 734 2816 loco
789 2752 1118 2831 intelligere
1170 2768 1524 2835 possumus,
1573 2769 1692 2829 quo
1738 2760 1797 2812 et
1839 2753 1952 2813 illis
1996 2761 2053 2813 et
2098 2753 2210 2815 sibi
2259 2771 2408 2834 gra-

320 2871 564 2953 tulatur,
622 2866 782 2943 quod
840 2874 977 2926 ante
1034 2880 1246 2924 casum
1293 2879 1471 2924 suum
1515 2863 1776 2926 flebilem
1833 2866 2050 2927 mortui
2104 2875 2310 2927 essent
2336 2863 2411 2944 ³).

322 2986 592 3061 Apparet
664 2979 844 3040 etiam
909 2978 1170 3039 maxima
1239 2992 1376 3036 cum
1449 2992 1594 3037 cura
1664 2977 1819 3037 filios
1896 2977 2186 3039 educatos
2251 2995 2411 3039 esse.

324 3093 539 3156 Teneri
607 3091 767 3152 enim
831 3093 1086 3149 Romam
1151 3086 1393 3148 adducti
1459 3088 1732 3149 doctrina
1790 3090 2092 3149 clarorum
2144 3089 2410 3148 virorum

323 3205 648 3266 utebantur
670 3200 750 3277 ⁴).
814 3203 1021 3261 Frater
1063 3198 1121 3257 in
1169 3199 1573 3274 eloquentiam
1619 3200 1916 3283 incubuit,
1963 3201 2245 3260 Nostrum
2287 3196 2409 3275 jam

325 3332 580 3394 puerum
635 3314 800 3373 Musa
849 3312 925 3371 ad
971 3325 1147 3370 suum
1193 3325 1349 3386 opus
1391 3310 1586 3369 traxit.
1687 3312 1750 3369 In
1797 3327 1916 3385 quo
1961 3327 2144 3386 quum
2191 3327 2413 3388 repre—

367 3618 371 3621 ’
463 3636 508 3699 ⁵)
547 3633 578 3685 4
618 3634 767 3685 Trist.
816 3635 878 3685 x:
917 3636 968 3685 2.
1049 3634 1082 3683 2
1120 3633 1292 3684 Amor.
1338 3631 1467 3683 xvl:
1523 3633 1568 3682 ⁴.
1678 3630 1727 3689 ο)
1768 3627 1799 3679 4
1836 3628 1986 3679 Trist.
2029 3628 2093 3680 X:
2134 3631 2180 3679 6.
2290 3630 2339 3694 7)
2383 3632 2404 3679 ⁴

322 3725 495 3776 Amor.
533 3722 614 3774 111:
660 3722 720 3784 83
760 3719 790 3771 4
828 3721 982 3772 Trist.
1017 3721 1076 3771 11:
1118 3723 1210 3785 ⁴63
1248 3718 1279 3770 4
1317 3719 1468 3770 Trist.
1504 3719 1566 3771 X:
1607 3722 1656 3785 7,
1693 3720 1752 3782 83
1790 3715 1821 3767 4
1856 3716 2021 3782 Epist.
2055 3717 2178 3768 VIII:
2220 3716 2301 3781 ⁴7,
2332 3717 2412 3767 ⁴8.

319 3810 372 3876 ο)
406 3809 574 3861 Limes.
609 3809 818 3872 Antiqu.
853 3821 975 3874 pag.
1011 3809 1093 3859 68.
1182 3808 1233 3869 ⁹)
1268 3805 1299 3856 4
1335 3806 1485 3857 ‘ri-ist.
1522 3807 1594 3858 x:
1625 3808 1675 3872 e,
1698 3807 1781 3871 ⁴⁰,
1818 3805 1901 3870 3⁴,
1940 3804 2023 3856 32.
2112 3803 2160 3867 ¹)
2195 3802 2230 3852 4
2263 3803 2411 3853 Trist.

317 3898 381 3950 X:
421 3897 643 3949 77—79.
735 3894 797 3962 ¹)
828 3894 859 3946 4
895 3896 1042 3947 Trist.
1078 3896 1149 3948 X:
1184 3895 1266 3945 80.
1349 3892 1404 3956 ι)’
1439 3893 1470 3945 4
1507 3894 1656 3945 Trist.
1691 3892 1755 3944 X:
1793 3892 2014 3944 84-90.
2105 3891 2159 3955 ⁴)
2195 3889 2227 3942 4
2262 3890 2411 3956 Trist⁹

315 3986 380 4037 X:
424 3986 506 4052 ⁴5,
546 3986 627 4035 46.
