2792 4409
1329 263 1366 322 5

307 440 471 514 sunt,
531 431 634 491 sed
693 447 904 511 genuS‚
962 429 1121 505 quod
1174 430 1567 510 tractabatur,
1627 446 1743 487 non
1791 434 1917 486 erat
1962 429 2133 511 forte,
2181 445 2389 506 grave,

311 546 642 626 sincerum,
700 542 805 602 sed
860 540 1057 624 molle,
1115 540 1359 624 humile,
1419 558 1571 602 vana
1629 539 1954 601 verborum
2012 557 2232 617 pompa
2277 558 2390 599 or-

310 665 543 738 natum,
600 654 676 715 ab
729 671 843 714 usu
901 654 1039 714 vitae
1097 653 1378 714 alienum.
1466 655 1684 713 Deerat
1728 652 1885 711 enim
1934 652 2094 727 quod
2132 649 2390 728 juvenes

309 769 382 829 ad
440 773 675 827 rectum
733 766 996 826 studium
1053 762 1231 841 hujus
1275 764 1422 823 artis
1466 764 1730 825 excitare
1773 770 1983 840 posset
2002 761 2082 840 4).
2166 765 2385 825 Contra

308 897 376 940 ea
424 878 688 939 studium
718 876 884 961 juris
928 873 1134 946 αὐἰῖἰε,
1178 875 1254 936 ab
1286 876 1651 952 imperatore
1687 877 2175 936 commendatum
2212 886 2391 954 atque

309 989 600 1072 adjutum,
645 990 1033 1049 vehementer
1078 1004 1357 1048 crescere
1404 986 1619 1064 coepit.
1669 987 1914 1047 Gratum
1951 986 2009 1046 id
2047 996 2176 1047 erat
2206 987 2387 1065 prin-

311 1103 426 1181 cipi
475 1118 650 1182 opus‚
696 1106 762 1160 ut
805 1099 1018 1160 edictis
1063 1114 1120 1161 et
1164 1100 1292 1161 suis
1337 1107 1396 1160 et
1438 1098 1868 1159 vetustioribus
1912 1098 2225 1176 diligenter
2249 1099 2387 1160 col-

308 1215 499 1297 lectis²
567 1213 838 1291 dispersa
909 1212 1002 1273 illa
1070 1212 1340 1272 membra
1400 1218 1760 1289 cogerentur
1814 1218 1993 1287 atque
2046 1211 2383 1271 secundum

312 1332 609 1404 praecepta
656 1325 800 1384 artis
844 1325 901 1385 in
951 1341 1169 1402 genera
1216 1324 1650 1401 digererentur.
1732 1324 2144 1396 Quamobrem
2191 1324 2385 1385 nullos

311 1438 587 1497 videmus
652 1436 812 1514 apud
876 1436 1273 1513 imperatores
1339 1436 1531 1514 magis
1604 1435 1929 1497 honoratos
1995 1451 2173 1510 quam
2235 1434 2387 1512 juris

311 1549 555 1628 peritos,
648 1550 711 1608 ln
770 1544 1089 1608 historiam
1144 1564 1385 1624 quoque
1433 1547 1591 1607 haud
1639 1547 1926 1606 mediocri
1973 1546 2172 1607 studio
2220 1548 2385 1608 multi

308 1661 761 1722 incumbebant.
873 1660 939 1719 Hi
1008 1668 1231 1744 autem,
1298 1677 1436 1736 quae
1500 1659 1613 1737 ipsi
1667 1658 1943 1719 viderant
2008 1675 2388 1736 quorumque

309 1780 512 1850 partes
566 1773 804 1832 fuerant
857 1772 1147 1850 attingere
1202 1789 1318 1832 non
1378 1771 1532 1855 ausi,
1576 1790 1605 1830 a
1654 1770 2057 1848 praesentibus
2115 1771 2387 1848 refugie-

308 1884 450 1944 bant
502 1890 560 1942 et
614 1882 816 1959 prisca
875 1891 992 1943 tota
1057 1889 1255 1942 mente
1311 1884 1682 1961 repetebant.
1776 1884 1839 1943 In
1881 1877 2278 1966 philosophia
2331 1891 2390 1942 et

308 1996 367 2056 in
407 1992 824 2080 qrammatiois
867 1994 1015 2055 satis
1058 1994 1224 2054 multi
1270 1995 1679 2056 elaborabant.

469 2106 722 2169 Maxime
776 2122 920 2165 vero
976 2105 1091 2167 hoc
1147 2123 1277 2166 aevo
1331 2106 1586 2167 florebat
1630 2104 1858 2189 poesis,
1913 2104 2085 2181 cujus
2140 2124 2385 2167 auream

308 2227 540 2282 aetatem
589 2216 713 2295 jam
769 2218 1017 2278 affuisse
1071 2218 1352 2279 diximus.
1452 2219 1602 2301 Arti,
1662 2235 1798 2294 quae
1849 2225 2076 2278 remota
2125 2236 2154 2278 a
2202 2221 2386 2280 rebus

310 2331 581 2392 civilibus
607 2328 937 2407 jucundam
974 2331 1438 2408 occupationem
1477 2329 1790 2410 scribenti,
1826 2328 2044 2407 legenti
2070 2331 2385 2391 honestam

310 2444 768 2506 oblectationem
814 2443 1150 2526 praebebat,
1190 2460 1223 2503 a
1257 2442 1606 2521 potentibus
1647 2458 2013 2520 magnopere
2050 2443 2383 2504 fevebatur.

311 2558 508 2629 Quare
571 2557 643 2616 ad
713 2557 828 2616 hoc
893 2555 1153 2616 studium
1213 2553 1531 2614 colendum
1589 2570 1803 2631 magna
1852 2556 2027 2614 turba
2083 2555 2386 2615 aemulan-

307 2668 450 2727 tium
529 2668 919 2728 excitabatur.
1032 2667 1183 2738 Quae
1256 2673 1456 2726 autern
1524 2683 1742 2743 genera
1818 2668 2023 2745 poesis
2090 2667 2386 2743 imprimis

307 2780 606 2862 florerent,
651 2780 710 2839 id
757 2778 1083 2839 dicendum
1129 2785 1238 2837 est.
1296 2778 1367 2837 Ut
1407 2777 1587 2853 igitur
1630 2784 1825 2855 poetae
1867 2778 2054 2856 prisci
2100 2779 2389 2857 temporis

309 2898 412 2952 aut
460 2898 645 2952 totum
706 2897 807 2951 aut
862 2895 1024 2950 certe
1077 2888 1336 2948 maxime
1383 2890 1602 2948 versati
1650 2897 1820 2949 erant
1862 2890 1919 2948 in
1969 2907 2190 2967 genere
2238 2891 2389 2951 dra-

309 3002 560 3076 mati00‚
636 3002 793 3080 quod
863 3001 1238 3080 aptissimum
1307 3000 1542 3060 videtur
1607 3001 1678 3060 ad
1743 3001 1988 3080 vulgum
2061 3003 2385 3062 tenendum

311 3120 488 3191 atque
542 3114 985 3195 delectandum,
1043 3112 1132 3173 sic
1176 3114 1294 3174 hac
1338 3118 1531 3196 aetate,
1573 3129 1766 3188 quum
1814 3114 2215 3193 scriptoribus
2262 3112 2386 3170 mi-

311 3244 425 3287 nus
479 3234 641 3287 esset
693 3223 1090 3304 propositum,
1151 3232 1213 3282 ut
1257 3223 1460 3304 vulgO‚
1508 3240 1688 3298 quam
1736 3231 1798 3283 ut
1843 3224 2189 3285 hominibus
2234 3239 2385 3283 eru-

314 3337 448 3397 ditis
502 3337 826 3414 subtilique
875 3335 1099 3412 judicio
1158 3334 1463 3395 utentibus
1518 3333 1941 3414 probarentur,
1988 3334 2385 3394 dramaticum

315 3465 502 3527 genus
555 3465 732 3526 paene
787 3448 1195 3508 intermissum
1253 3446 1469 3506 ceteris
1524 3446 1722 3506 locum
1781 3446 1982 3506 cessit.
2070 3442 2265 3528 Εροε,
2310 3446 2387 3505 ab

309 3559 497 3620 Ennio
543 3568 600 3621 et
641 3559 847 3620 Naevio
890 3562 1146 3620 Romam
1179 3558 1557 3642 translatum,
1606 3556 1904 3636 Vergilius
1939 3558 2171 3635 primus
2208 3556 2388 3616 certis

311 3671 545 3749 legibus
589 3671 870 3731 tractavit
912 3678 1092 3747 atque
1136 3687 1368 3732 summa
1419 3687 1557 3731 cum
1604 3668 1892 3747 elegantia
1940 3666 2239 3745 expolivit.
2297 3667 2386 3726 Ad

310 3784 468 3860 quod
534 3800 727 3861 genus
795 3782 1113 3842 colendum
1185 3799 1549 3860 quamquam
1600 3781 1734 3858 jure
1791 3781 2090 3843 habentur
2134 3779 2388 3839 Romani

444 4030 492 4096 4)
531 4030 629 4084 Cfr.
668 4029 800 4095 Dial.
839 4029 905 4081 de
942 4026 1083 4080 Orat.
