2792 4409
1364 204 1443 263 46

342 369 535 431 randa
591 376 714 432 tam
773 369 959 430 multa
1018 369 1348 448 attulimuS,
1418 375 1485 427 ut
1538 368 1638 427 vix
1691 367 1887 448 plura,
1939 335 2155 448 credo,
2202 384 2236 426 a
2284 365 2467 426 nobis

262 515 277 530 -
344 481 788 541 desiderentur.
876 483 1084 559 Ipsum
1126 480 1310 541 etiam
1368 496 1593 539 nomen
1649 477 1959 559 Tristium,
2006 477 2152 555 quid
2198 477 2259 538 in
2309 494 2462 537 car-

345 590 614 651 minibus
658 591 958 673 invenias»,
1028 591 1178 653 satis
1242 591 1442 654 docet.
1549 591 1615 649 In
1686 588 1929 649 duobus
1995 589 2154 649 enim
2204 587 2464 650 Ovidius

346 702 613 763 maxime
653 710 963 764 versatur:
1018 702 1078 763 in
1127 700 1553 763 describendis
1597 700 1939 761 innumeris
1987 698 2460 780 calamitatibuS,

342 813 572 890 quibus
629 813 884 874 obrutus
939 813 1037 897 sit,
1095 819 1155 873 et
1206 812 1265 872 in
1325 811 1566 872 mitiore
1605 812 1817 873 exsilio
1862 811 2158 889 rogando.
2247 809 2462 870 Acce-

342 924 498 984 dunt
553 923 734 984 multa
793 925 870 984 de
926 923 1327 984 antecedente
1381 923 1501 983 vita
1547 929 1607 981 et
1651 921 1729 981 de
1774 921 1980 982 causis
2025 919 2458 982 damnationis,

343 1035 506 1093 Inter
570 1034 790 1095 Tristia
857 1043 916 1094 et
979 1033 1282 1111 Epistolas
1338 1049 1415 1093 ex
1467 1035 1680 1115 Ponto,
1739 1049 1926 1109 quum
1986 1037 2191 1093 cetera
2245 1029 2463 1090 similia

346 1143 491 1224 sint,
557 1143 695 1204 haec
760 1144 1083 1206 intercedit
1145 1143 1597 1227 dissimilitudO,
1665 1144 1826 1221 quod
1894 1142 2132 1203 illorum
2198 1140 2459 1218 plurima

349 1262 455 1314 aut
508 1255 584 1316 ad
646 1262 847 1315 certos
901 1255 1203 1331 quosdam
1249 1254 1529 1315 homines
1575 1235 1759 1316 missa
1810 1272 1928 1315 non
1977 1260 2143 1336 sunt,
2188 1258 2291 1313 aut
2335 1268 2461 1311 no—
2549 1250 2555 1255 “

351 1364 515 1425 mina
572 1366 886 1427 hominum
950 1366 1214 1448 occulta,
1270 1366 1330 1426 in
1390 1367 1486 1428 his
1532 1374 1743 1427 contra
1789 1383 1883 1448 ea,
1932 1365 2029 1425 cui
2075 1379 2467 1441 unaquaeque

349 1476 600 1554 epistola
663 1477 849 1538 missa
903 1479 1001 1561 sit,
1060 1479 1306 1539 nomine
1353 1478 1671 1556 praemisso
1716 1474 2020 1540 indicatur
2043 1474 2118 1551 8).
2206 1476 2274 1534 In
2318 1474 2464 1551 epi-

351 1586 521 1646 stolis
574 1587 811 1649 amicos
866 1590 1082 1650 crebro
1139 1589 1321 1649 etiam
1375 1589 1652 1667 pristinae
1709 1587 2129 1648 familiaritatis
2174 1602 2464 1647 commo-

352 1697 579 1758 nefacit
632 1706 690 1757 et
745 1700 823 1759 ab
878 1699 951 1759 iis
1008 1700 1177 1783 petit,
1235 1708 1302 1760 ut
1358 1719 1435 1761 ne
1488 1701 1548 1761 in
1608 1699 2025 1761 commodiore
2081 1699 2210 1758 solo
2253 1697 2508 1774 impe--

348 1807 566 1868 trando
632 1807 748 1868 sihi
817 1809 1037 1871 desint.
1084 1847 1168 1857 -—
1211 1813 1317 1873 His
1383 1810 1760 1872 carminibus
1826 1811 1988 1872 haud
2047 1809 2348 1869 immerito
2405 1806 2468 1867 id

348 1918 493 1979 vitio
539 1920 736 2002 datur,
786 1922 948 1997 quod
994 1921 1395 1982 immoderate
1438 1921 1828 1982 lamentando
1865 1927 1925 1980 et
1957 1920 2222 1996 querelis
2246 1920 2465 1981 iterum

348 2029 694 2105 iterumque
758 2032 1108 2107 repetendis
1166 2032 1437 2110 legentes
1498 2032 1750 2109 fatigant
1807 2038 1867 2090 et
1922 2032 2122 2110 magis
2176 2049 2210 2091 e
2268 2038 2469 2090 mente

353 2139 805 2202 calamitatibus
849 2158 1147 2219 oppressa
1193 2159 1377 2220 quam
1423 2161 1500 2204 ex
1542 2143 1789 2220 ingenio
1834 2159 1984 2202 vere
2024 2142 2268 2220 poetico
2309 2159 2467 2219 pro—

352 2250 511 2310 fecta
570 2250 870 2312 videntur.
969 2252 1059 2312 Ad
1122 2269 1262 2329 quae
1318 2254 1573 2314 crimina
1630 2253 1765 2331 ipse
1831 2254 2183 2335 respondet,
2243 2253 2303 2313 in
2357 2251 2468 2329 jn-

352 2360 514 2421 dicio
559 2362 813 2422 ferendo
853 2370 1153 2445 tempora,
1201 2364 1425 2439 quibus
1472 2364 1742 2425 carmina
1787 2363 1886 2424 illa
1922 2363 2199 2424 confecta
2236 2371 2465 2446 essent,

355 2488 496 2533 esse
561 2473 899 2551 spectanda
925 2470 1011 2555 ⁹),
1077 2472 1137 2532 in
1203 2474 1386 2534 tantis
1442 2474 1616 2535 malis
1673 2491 1754 2535 se·
1795 2475 2010 2552 pigere
2060 2474 2202 2535 vitia
2263 2473 2467 2534 corri—

354 2598 500 2660 gere
535 2581 616 2664 ¹);
682 2583 817 2644 laeta
883 2601 952 2644 se
1017 2584 1220 2644 laetum
1290 2585 1632 2666 cecinisse,
1684 2583 1809 2661 jam
1864 2558 2099 2645 tristem
2154 2584 2347 2644 tristia
2369 2583 2466 2659 ²);

354 2700 536 2769 atque
601 2710 670 2753 se
736 2693 1010 2754 scribere
1075 2693 1186 2754 alia
1258 2702 1581 2756 conantem
1652 2696 1865 2756 eodem
1936 2712 2104 2773 saepe
2169 2694 2366 2756 delabi
2397 2693 2470 2768 ⁸).

353 2802 570 2886 Nimia,
619 2804 828 2886 credo,
874 2820 1080 2865 acrem
1127 2822 1195 2866 se
1234 2802 1505 2882 judicem
1554 2807 1814 2884 praebuit
1858 2806 2316 2888 SchilleruS,
2365 2805 2465 2881 qui

356 2912 576 2973 Tristia
626 2920 686 2973 et
727 2915 1030 2991 Epistolas
1078 2914 1258 2975 nollet
1300 2916 1358 2977 in
1408 2916 1665 2994 poeticis
1710 2917 1942 2977 haberi.
1990 2920 2144 2978 Nam
2177 2925 2237 2978 et
2272 2916 2464 2976 forma

356 3024 718 3103 plerumque
762 3042 795 3085 a
841 3042 1082 3086 summa
1129 3026 1448 3103 scriptoris
1492 3026 1670 3087 laude
1717 3045 1836 3088 non
1876 3028 2185 3109 abhorret,
2225 3034 2284 3086 et
2318 3027 2470 3103 ipsae

359 3137 685 3197 sententia²
724 3151 893 3214 saepe
934 3143 1076 3196 sunt
1119 3145 1303 3212 poeta
1342 3136 1589 3215 egregio
1635 3146 1695 3198 at
1739 3137 2052 3198 doloribus
2097 3140 2289 3198 fracto
2325 3136 2470 3214 dig-

360 3247 650 3308 nissimae.
760 3250 959 3325 Legas
1017 3248 1039 3306 4
1116 3245 1294 3307 Trist.
1353 3247 1427 3306 ΙΙΙ
1483 3247 1729 3323 (Ultima
1793 3253 1963 3329 nox),
2012 3250 2048 3309 3
2096 3248 2277 3308 Trist.
2342 3247 2473 3307 Vm

360 3359 569 3437 (Nunc
624 3376 736 3437 ego
794 3357 1143 3436 Triptolemi
1201 3363 1381 3439 etc.),
1426 3359 1461 3418 3
1507 3357 1685 3418 Trist.
1734 3359 1839 3420 Xll
1883 3359 1989 3432 (de
2033 3358 2198 3440 veris
2236 3356 2472 3436 jucun-

361 3468 572 3546 ditate)
619 3471 654 3530 4
699 3469 879 3532 Trist.
922 3468 1000 3529 VI
1047 3468 1155 3545 (de
1200 3468 1259 3527 vi
1298 3467 1810 3544 consuetudinis).

503 3724 554 3790 ⁶)
592 3727 615 3775 4
658 3724 756 3791 Ep.
792 3725 829 3777 1:
870 3728 1091 3778 45-20.
1164 3726 1215 3789 ⁹)
1257 3727 1280 3780 4
1325 3726 1476 3778 Trist.
1514 3726 1551 3777 1:
1592 3725 1814 3778 37-48
1895 3724 1939 3789 ¹)
1981 3728 2004 3776 4
2046 3726 2142 3792 Ep.
2180 3726 2239 3778 V:
2280 3729 2481 3792 4——203

363 3813 395 3865 3
432 3812 529 3881 Ep.
565 3812 653 3864 IX:
694 3812 914 3864 44-24,
1018 3812 1073 3879 ’)
1112 3813 1143 3863 3
1180 3812 1529 3879 Ep.1x:35.
1641 3810 1762 3873 ⁸1¹*
1800 3812 1897 3877 Ep.
1932 3812 2042 3863 XV:
2082 3812 2168 3864 33.
