2792 4409
1285 191 1364 254 23

244 364 434 428 finem
477 353 852 423 Novembris
897 361 1064 417 certe
1104 355 1167 416 in
1211 355 1472 417 Pontum
1515 358 1813 435 pervenit.
1883 354 2167 420 Ovidium
2214 373 2378 418 con-

248 482 368 555 tra,
436 470 543 549 qui
611 484 831 529 mense
895 466 1209 532 decembri
1260 466 1549 528 Hadriam
1590 468 1833 530 transiit
1858 467 1912 546 ⁶)
1969 477 2031 530 et
2085 467 2377 544 complu-

258 585 437 648 ribus
496 580 655 641 locis
722 593 1115 640 commorans
1179 594 1403 655 magna
1457 577 1736 640 tarditate
1796 580 2111 658 profectus
2176 584 2271 638 est
2290 575 2378 659 7),

266 693 369 754 vix
418 700 566 771 puto
622 696 765 752 ante
817 688 1096 750 Martium
1149 688 1247 748 vel
1289 687 1561 766 Aprilem
1607 689 1749 749 anni
1794 690 2109 767 sequentis
2153 689 2380 747 Tomos

264 805 646 882 pervenisse.
756 797 912 871 Quae
972 813 1162 875 quum
1226 796 1310 859 ita
1374 797 1517 882 sint,
1585 815 1707 859 non
1774 799 1983 860 dicere
2034 796 2253 879 potuit,
2307 812 2382 857 se

263 912 543 990 quinque
597 926 794 972 annos
846 908 908 970 in
965 908 1218 985 Scythia
1262 908 1477 990 fuisse,
1523 907 1640 969 nisi
1685 927 1741 971 a.
1786 910 2073 972 DCCLXI
2123 910 2384 969 Romam

264 1021 605 1098 reliquerit.
698 1017 968 1098 Epistola
1021 1019 1279 1082 Xlnzma
1332 1017 1470 1080 libri
1526 1019 1674 1080 1V2ti
1715 1019 1916 1081 eidem
1961 1036 2124 1080 anno
2167 1018 2382 1096 assig-

264 1132 480 1193 nanda
527 1131 663 1191 baec
703 1127 919 1191 habet:

606 1284 624 1299 .
670 1284 690 1302 .
737 1283 751 1300 .
800 1254 900 1300 me
938 1235 1088 1321 jam,
1134 1238 1311 1322 Care,
1358 1236 1542 1299 nivali

528 1352 713 1412 Sexta
752 1348 1086 1427 relegatum
1132 1345 1356 1432 bruma
1397 1351 1515 1411 sub
1560 1366 1676 1412 axe
1718 1348 1886 1411 videt
1905 1349 1991 1426 ὅ).

267 1462 336 1526 Si
405 1462 629 1524 bruma
691 1460 855 1521 Vlzta
917 1458 978 1520 in
1047 1475 1103 1519 a.
1167 1458 1560 1541 DCCLXVII,
1615 1457 1814 1538 prima
1867 1460 1927 1519 in
1975 1477 2031 1524 a.
2076 1459 2390 1521 DCCLXII

272 1571 459 1636 cadat
503 1586 764 1632 necesse
807 1575 931 1649 est3
977 1568 1030 1629 si
1074 1576 1281 1629 autem
1322 1569 1446 1630 hoc
1485 1565 1701 1631 verum
1743 1570 2025 1653 babetur,
2073 1570 2393 1647 superiore

269 1699 434 1744 anno
502 1683 697 1742 Roma
749 1681 1064 1758 profectus
1119 1687 1232 1741 est.
1330 1681 1547 1741 Eidem
1602 1698 1763 1742 anno
1820 1681 2186 1743 DCCLXVII
2238 1680 2390 1742 satis

271 1792 435 1858 bene
476 1789 706 1853 ascribi
750 1795 954 1868 potest
994 1791 1108 1868 Ep.
1153 1794 1356 1873 sza‚
1405 1810 1545 1870 quae
1584 1792 1669 1853 ita
1709 1791 2017 1871 incipitur:

530 1900 643 1992 Hic
690 1900 835 1961 mihi
878 1900 1208 1977 Cimmerio
1250 1903 1349 1966 bis
1394 1902 1568 1965 tertia
1611 1902 1859 1963 ducitur
1900 1910 2089 1968 aestas

522 2012 725 2073 Litore
768 2054 782 2070 .
829 2054 846 2074 .
891 2056 910 2073 .
956 2056 974 2073 .
1025 2008 1104 2088 ⁹).

440 2120 812 2186 Brevissima
856 2121 1151 2184 librorum
1195 2121 1484 2183 Tristium
1526 2123 2061 2200 Epistolarumque
2093 2139 2171 2183 ex
2201 2123 2390 2182 Ponto

274 2249 389 2311 per
438 2250 636 2294 annos
680 2231 1012 2309 descriptio
1056 2232 1196 2294 heic
1237 2232 1577 2293 inseratur:

444 2344 660 2403 Izmum
702 2341 925 2403 librum
973 2342 1261 2404 Tristium
1304 2342 1366 2403 in
1409 2341 1627 2404 itinere
1671 2342 2021 2404 confectum
2065 2357 2229 2424 esse,
2276 2358 2392 2402 sa-

275 2453 357 2516 tis
398 2459 660 2530 apparet
687 2450 762 2534 ¹).
849 2452 1054 2524 Quare
1097 2470 1220 2513 non
1267 2452 1455 2513 multo
1498 2462 1642 2531 post
1682 2454 2014 2515 adventum
2057 2452 2097 2514 i.
2138 2469 2193 2512 e.
2239 2469 2393 2512 ver-

279 2563 401 2626 nali
444 2570 721 2641 tempore
764 2579 819 2622 a.
865 2563 1176 2624 DCCLXII
1217 2566 1478 2625 Romam
1525 2579 1667 2624 eum
1710 2562 1967 2623 missum
2012 2569 2326 2642 putamuS.

444 2671 718 2750 Elegiam
763 2671 1011 2733 unicam
1054 2672 1192 2734 libri
1234 2673 1392 2756 Ilzdi,
1441 2690 1564 2751 qua
1607 2689 1677 2735 se
1719 2673 1992 2734 defendit
2026 2673 2397 2749 culpamque

278 2789 561 2863 excusat,
628 2782 949 2859 posteriori
1014 2783 1172 2861 parti
1230 2780 1505 2860 ejusdem
1562 2784 1705 2844 anni
1763 2783 2073 2863 ¹assignari
2135 2789 2396 2862 oportet.

281 2893 397 2953 Hic
452 2900 592 2953 vota
643 2893 824 2954 etiam
879 2892 1025 2953 facit
1065 2908 1178 2969 pro
1223 2891 1507 2954 felicitate
1551 2893 1774 2955 Tiberii
1820 2893 2119 2957 seditione
2159 2893 2397 2974 Illyrica

287 3001 564 3062 sedanda
604 3010 763 3078 tunc,
797 3003 1135 3086 (DCCLXI,
1181 3003 1523 3082 DCCLXII)
1570 3005 1855 3082 occupati
1880 3006 1966 3080 2).

425 3205 476 3273 ⁶)
517 3207 539 3256 4
583 3207 737 3258 Trist.
790 3207 877 3260 XI:
938 3208 988 3272 3,
1040 3204 1091 3262 4.
1224 3207 1275 3269 ⁷)
1322 3209 1344 3258 4
1391 3207 1543 3258 Trist.
1591 3207 1639 3258 X
1688 3210 1742 3257 et
1782 3207 1868 3257 XI.
1991 3205 2039 3268 ⁸)
2079 3220 2128 3256 v.
2180 3204 2264 3271 39,
2305 3201 2398 3274 to,

288 3290 341 3355 ⁹)
359 3306 407 3348 v.
449 3295 498 3358 4,
536 3295 586 3344 2.
662 3291 712 3357 ¹)
744 3295 766 3344 4
811 3293 962 3344 Trist.
1001 3292 1087 3343 XI:
1127 3294 1278 3344 4-6,
1351 3291 1399 3354 ²)
1434 3306 1481 3343 v.
1524 3294 1815 3358 ⁴7t-478,
1853 3294 1955 3346 225
1983 3306 2105 3360 sqq.
2177 3292 2257 3344 De
2293 3306 2399 3360 qua

284 3391 341 3427 re
376 3377 661 3431 Suetonius
707 3378 817 3430 Tib.
857 3391 974 3444 cap.
1012 3378 1126 3430 XVI
1162 3383 1277 3429 haec
1312 3378 1488 3429 habet:
1548 3376 1813 3429 ”nuntiata
1863 3378 2049 3445 Illyrici
2104 3377 2400 3434 detectione

281 3465 499 3520 transiit.
523 3464 593 3518 ad
627 3476 807 3518 curam
845 3465 970 3517 novi
1004 3464 1155 3530 baur,
1204 3464 1349 3529 quod
1382 3465 1751 3529 gravissimum
1789 3465 2022 3516 omnium
2059 3466 2399 3519 externorum

283 3550 545 3605 bellorum
579 3555 706 3615 post
740 3551 942 3603 Punica
979 3564 1076 3617 per
1108 3551 1200 3604 XV
1236 3552 1474 3617 legiones
1519 3564 1810 3617 paremque
1844 3550 2153 3604 auxiliorum
2190 3551 2401 3616 copiam

283 3636 506 3688 triennio
554 3638 722 3700 gessit
756 3672 1034 3689 ......
1072 3639 1150 3691 Ac
1182 3640 1594 3704 perseverantiae
1639 3637 1837 3703 grande
1870 3638 2095 3702 pretium
2131 3638 2250 3689 tulit
2283 3639 2398 3690 toto

282 3721 508 3787 Illyrico,
555 3722 701 3787 quod
747 3724 884 3774 inter
916 3722 1114 3775 Italiam
1151 3736 1480 3788 regnumque
1513 3723 1758 3776 Noricum
1798 3725 1851 3774 et
1885 3723 2151 3774 Thraciam
2193 3726 2246 3773 et
2278 3723 2402 3775 Ma-

280 3807 564 3858 cedoniam
599 3808 843 3874 interque
878 3808 1181 3860 Danubium
1217 3810 1416 3861 flumen
1453 3813 1507 3862 et
1542 3811 1715 3863 sinum
1751 3810 1909 3862 maris
1954 3808 2196 3866 Adriatici
2230 3810 2401 3876 patet,

278 3892 578 3957 perdomito
617 3896 671 3948 et
704 3895 758 3948 iu
794 3894 1053 3948 dicionem
1087 3893 1351 3948 redacto.²’
