2792 4409
1393 235 1467 295 ⁴2

393 401 713 462 sanctitate
756 411 1086 485 servarent,
1133 409 1256 463 tum
1300 405 1613 483 posteriori
1660 412 1927 483 tempore
1973 404 2115 465 nihil
2161 414 2471 467 eratxcre-

393 513 561 574 brius
616 530 795 591 quam
856 515 1108 576 divortia
1169 523 1346 595 atque
1390 516 1662 600 repudia,
1708 534 1845 594 quae
1891 553 1959 561 --
2008 524 2169 578 tanta
2217 526 2345 579 erat
2385 520 2467 578 li-

395 626 589 689 centia
635 662 711 671 --
758 627 869 689 etsi
936 628 1089 690 nulla
1162 646 1342 689 causa
1413 629 1656 689 adesset
1706 630 1965 712 gravior,
2022 630 2262 690 fiebant.
2364 631 2468 692 Sic

397 740 609 802 Cicero
673 740 1012 802 Terentiam
1076 742 1327 825 dimisit,
1392 740 1607 802 Juliam
1674 738 2015 824 PompeJ'US,
2082 742 2466 804 Scriboniam

396 852 766 914 Octavianus
820 860 933 914 etc.
1032 854 1250 937 Prima,
1306 860 1370 914 ut
1405 851 1527 931 jam
1574 854 1647 914 ad
1694 852 1973 915 Ovidium
2019 854 2286 937 redeam,
2332 871 2471 931 quae

394 966 447 1027 ei
500 982 688 1045 puero
743 983 919 1044 paene
972 966 1107 1027 data
1150 974 1264 1048 est,
1311 984 1509 1043 neque
1553 966 1797 1044 dignam
1842 981 2038 1042 neque
2079 966 2283 1025 utilem
2330 981 2469 1026 sese

395 1079 668 1156 praestitit
688 1079 765 1156 ⁴²).
874 1078 1055 1139 Alteri
1123 1078 1263 1138 nihil
1328 1078 1532 1162 habet,
1598 1077 1756 1155 quod
1814 1077 2046 1137 crimini
2105 1078 2349 1160 tribuat,
2408 1076 2468 1136 id

396 1190 589 1252 solum
658 1190 855 1273 tradit,
925 1187 1268 1269 conjugium
1339 1208 1455 1251 non
1527 1190 1714 1250 fuisse
1765 1190 2006 1252 firmum
2036 1189 2110 1268 ³).
2210 1189 2467 1251 Tertiam

394 1320 561 1385 vero,
609 1319 743 1379 quae
785 1303 862 1362 de
907 1293 1085 1364 domo
1131 1312 1257 1365 erat
1297 1302 1461 1364 Fabii
1508 1301 1744 1363 Maximi
1768 1299 1847 1384 4),
1892 1301 2153 1362 hominis
2196 1300 2467 1377 Augusto

399 1411 897 1498 conjunctissimi,
923 1423 1169 1492 propter
1190 1415 1530 1475 fidelitatem
1571 1422 1627 1475 et
1650 1413 2055 1493 praestantiam
2082 1413 2262 1473 animi
2288 1383 2470 1473 sum-
2527 1416 2543 1425 “

401 1525 512 1585 mis
579 1524 750 1587 effert
812 1526 1114 1610 laudibus,
1175 1528 1511 1607 praesertim
1577 1525 1735 1603 quod
1793 1521 2009 1601 conjux
2064 1542 2201 1585 esse
2244 1524 2467 1585 exsulis

393 1637 505 1697 viri
562 1638 950 1711 sustinuisset
974 1635 1050 1715 ⁶).
1150 1640 1424 1700 Indicant
1476 1637 1766 1720 epistolae,
1828 1653 1979 1713 quas
2032 1636 2238 1697 Tomis
2283 1636 2463 1722 misit,

395 1766 673 1811 amorem·
739 1758 795 1811 et
861 1757 1134 1811 mutuum
1209 1759 1269 1810 et
1333 1767 1543 1810 verum
1609 1757 1668 1811 et
1729 1756 2086 1827 perpetuum
2164 1748 2350 1810 fuisse
2387 1747 2464 1826 ⁶).

394 1864 664 1935 Quarum
730 1879 983 1924 uxorum
1049 1879 1185 1945 quaeg
1239 1862 1291 1921 ei
1348 1863 1527 1923 filiam
1587 1860 1907 1944 pepererit,
1963 1878 2081 1921 non
2137 1878 2246 1939 pro
2305 1868 2466 1923 certo

394 1974 534 2035 sciri
590 1981 809 2052 potest.
905 1973 1046 2035 Filia
1093 1974 1284 2051 prima
1324 1972 1567 2050 juventa
1617 1974 1709 2033 bis
1764 1973 2022 2035 fecunda
2080 1982 2312 2052 patrem
2371 1974 2465 2035 bis

393 2101 573 2147 avum
643 2084 784 2146 fecit
803 2084 882 2159 ⁸¹).
983 2086 1172 2146 Patris
1228 2086 1304 2147 ab
1357 2087 1511 2146 urbe
1565 2086 1841 2147 discessu
1886 2087 1945 2145 in
1992 2085 2191 2146 Africa
2238 2094 2366 2147 erat
2389 2085 2465 2158 ⁸).

393 2199 664 2260 Perillam
731 2204 953 2282 autem,
1010 2196 1182 2276 cujus
1236 2199 1493 2278 pudicos
1545 2215 1767 2280 meree,
1825 2213 1995 2257 raras
2038 2198 2232 2282 doteS,
2278 2200 2467 2261 bonos

396 2311 573 2372 etiam
622 2327 839 2372 versus
883 2310 1176 2372 collaudat
1203 2309 1280 2394 ⁹),
1330 2328 1446 2371 non
1491 2310 1692 2392 filiam,
1752 2310 1860 2370 sed
1902 2309 2240 2388 privignam
2285 2311 2469 2373 fuisse

394 2430 697 2500 putamus.
783 2421 882 2482 Illa
931 2422 1136 2484 Suillio
1183 2423 1422 2483 cuidam
1472 2427 1653 2500 nupta
1699 2429 1825 2481 erat
1858 2421 1929 2497 ¹).

557 2534 727 2609 Quod
789 2532 1042 2595 Ovidius
1098 2552 1166 2594 se
1220 2534 1367 2595 dicit
1387 2534 1445 2610 ²)
1487 2530 1866 2618 pauperibus
1904 2541 2099 2595 vatem
2143 2552 2284 2606 esse,
2325 2533 2469 2617 quia

379 2666 624 2731 pauper
690 2644 998 2719 amaverit,
1063 2646 1178 2706 hoc
1245 2662 1362 2705 non
1427 2645 1504 2704 ita
1571 2644 2015 2723 intelligendum
2083 2653 2263 2729 put0,
2328 2665 2463 2707 eum

390 2759 592 2838 inopia
659 2758 919 2836 quadam
987 2756 1389 2818 conflictatum
1457 2774 1613 2818 esse.
1721 2759 1971 2837 Propius
2016 2759 2088 2819 ad
2156 2760 2464 2819 veritatem

395 2871 528 2933 sine
572 2869 754 2932 dubio
800 2870 1038 2931 accedit
1079 2870 1234 2947 quod
1284 2869 1397 2930 alio
1441 2871 1574 2931 loco
1602 2868 1656 2951 θ)
1702 2872 1801 2951 ait,
1849 2873 2093 2933 domum
2138 2888 2311 2932 suam
2346 2889 2465 2930 ne-

395 2999 513 3060 que
569 2982 788 3043 divitiis
841 2999 1038 3060 neque
1078 2983 1368 3061 pauperie
1414 2983 1600 3043 fuisse
1645 2985 1985 3045 notandam.
2081 2986 2168 3046 Ne
2213 2991 2464 3046 censum·

394 3095 637 3174 quidem
707 3095 1072 3155 senatorium
1140 3095 1190 3154 ei
1249 3094 1516 3155 defuisse
1569 3102 1873 3179 putamus,
1931 3098 2154 3176 quippe
2208 3097 2306 3174 qui
2361 3114 2470 3174 per

398 3208 787 3270 diffidentiam
831 3207 922 3269 sui
966 3206 1187 3283 otiique
1243 3224 1508 3269 amorem
1551 3225 1583 3268 a
1632 3207 1795 3267 curia
1842 3209 2185 3286 attingenda
2234 3226 2302 3268 se
2346 3209 2468 3269 do-

394 3326 532 3382 ceat
591 3320 958 3400 prohibitum
1025 3336 1181 3380 esse.
1286 3318 1517 3380 'Natalia
1581 3321 1631 3381 ei
1688 3336 1823 3400 rura
1880 3327 2047 3379 erant
2099 3320 2157 3379 in
2212 3319 2469 3401 Pelignis

395 3447 584 3509 parva
629 3431 895 3514 quidem,
943 3431 1048 3491 sed
1096 3445 1337 3511 semper
1382 3430 1626 3493 humida
1673 3430 1933 3492 assiduis
1977 3430 2150 3507 aquis
2172 3428 2253 3510 ⁴).
2335 3433 2465 3492 Ho-

531 3659 584 3728 2)
634 3659 665 3711 4
711 3659 862 3711 Trist.
909 3659 971 3711 X:
1020 3660 1103 3710 69.
1246 3658 1292 3721 8)
1351 3656 1382 3708 4
1428 3657 1575 3709 Trist.
1620 3655 1683 3707 X:
1722 3657 1806 3708 7⁴.
1949 3653 2004 3721 ⁴¹)
2061 3658 2081 3706 4
2124 3655 2221 3723 Ep.
2256 3657 2314 3708 11:
2354 3656 2469 3710 438.

395 3746 443 3811 ⁶)
482 3746 513 3798 4
551 3747 700 3798 Trist.
737 3746 800 3798 X:
838 3745 922 3797 74.
1029 3744 1083 3810 ⁶)
1124 3747 1144 3795 4
1189 3747 1338 3797 Trist.
1371 3746 1453 3811 ΠΙ,
1489 3745 1579 3810 V13
1618 3746 1648 3797 3
1685 3744 1834 3796 Trist.
1870 3743 1956 3796 111:
1998 3745 2061 3796 45
2099 3758 2218 3809 sqq.
2253 3742 2284 3794 4
2321 3744 2468 3797 Trist.

392 3833 473 3887 111:
517 3836 579 3886 40
616 3846 735 3899 sqq.
844 3832 895 3896 v)
931 3831 962 3883 4
999 3833 1149 3884 Trist.
1186 3834 1249 3884 X:
1288 3835 1371 3899 75,
1409 3836 1489 3885 76.
1590 3832 1643 3901 ⁶)
1684 3834 1704 3882 4
1751 3833 1894 3884 Trist.
1934 3833 2014 3884 m:
2057 3833 2136 3899 49,
2174 3833 2259 3884 20.
2350 3831 2403 3896 ⁹)
2439 3834 2470 3884 3

395 3920 544 3972 Trist.
580 3920 668 3971 vn
760 3918 808 3983 ¹)
845 3917 875 3969 4
904 3918 998 3985 Ep.
1034 3919 1157 3971 vm:
1198 3922 1276 3971 44.
1346 3920 1399 3984 2)
1441 3923 1542 3972 Art.
1583 3922 1693 3972 Am.
1731 3920 1788 3971 11:
1828 3922 1941 3971 465.
2014 3920 2064 3984 ⁸)
2104 3922 2135 3971 2
2164 3919 2311 3971 Trist.
2354 3921 2470 3983 443,

393 4006 446 4070 ⁴)
484 4007 621 4060 Fast.
656 4007 737 4059 Iv:
776 4008 892 4074 685,
931 4008 1044 4058 686.
