2792 4409
978 1305 1239 1389 Theses
1290 1309 1786 1414 paedagogicae.

1360 1489 1407 1547 1.

492 1603 682 1664 Recte
745 1602 846 1662 lex
910 1603 1140 1685 statuit,
1205 1609 1273 1662 ut
1326 1602 1528 1679 prima
1582 1599 1874 1662 institutio
1929 1617 2285 1685 puerorum,
2344 1603 2445 1663 cul

324 1715 575 1791 quidem
623 1711 885 1791 cognitio
929 1710 1276 1789 linguarum
1311 1711 1624 1790 proposita
1661 1699 1760 1796 sit,
1799 1712 1859 1771 in
1885 1712 2087 1789 lingua
2114 1712 2445 1773 vernacula

318 1834 624 1886 versetur.
678 1826 744 1884 ln
790 1822 995 1883 medio
1040 1830 1243 1881 autem
1286 1822 1664 1905 relinquenS,
1712 1839 1833 1900 quo
1872 1820 2007 1899 jure
2050 1823 2207 1882 inter
2247 1835 2444 1899 pere-

322 1935 536 2013 grinas
576 1934 980 2015 recentioreS,
1029 1947 1185 2009 quas
1227 1932 1460 2014 dicunt,
1495 1933 2032 1996 Franco-Gallicae
2062 1932 2444 2011 principatus

328 2046 593 2105 tributus
636 2044 736 2126 sit,
780 2034 904 2103 hoc
946 2058 1059 2119 pro
1109 2050 1274 2106 certo
1316 2041 1541 2125 habeo,
1589 2043 1693 2119 qui
1739 2043 2147 2121 cognitionem
2192 2043 2444 2121 lingua-

326 2169 465 2214 rum
510 2155 871 2216 Groecorum
917 2158 1102 2228 atque
1144 2154 1572 2212 Romanorum·
1605 2152 1726 2213 sibi
1770 2153 1957 2214 velint
1998 2153 2333 2235 asciscere,
2368 2151 2445 2211 iis

324 2265 386 2325 in
435 2265 594 2341 nulla
643 2262 966 2343 peregrina
1010 2269 1344 2337 antequam
1388 2262 1451 2322 in
1493 2263 1681 2323 latina
1724 2277 1866 2324 esse
1908 2262 2373 2326 elaborandum.

1345 2452 1417 2515 ΙΙ.

496 2594 788 2656 Omnium
835 2593 1368 2677 exercitationum,
1416 2594 1643 2670 quibus
1686 2594 1912 2673 linguae
1945 2590 2265 2670 ctn'usdam
2288 2607 2444 2671 per-—

326 2705 528 2783 ceptio
573 2704 888 2784 quaeritur,
936 2704 1109 2780 quasi
1159 2710 1345 2782 caput
1388 2714 1483 2765 est
1526 2704 1923 2786 scriptorum,
1967 2704 2068 2781 qui
2103 2703 2164 2763 in
2203 2717 2446 2780 quaque

324 2814 532 2894 lingua
577 2813 946 2875 excellentes
989 2816 1372 2897 exstiterunt,
1421 2814 1835 2893 interpretatio
1880 2821 2064 2890 atque
2098 2811 2441 2891 explicatio.

316 2926 448 2986 Sed
495 2926 558 2984 in
605 2923 1013 3001 scriptoribus
1054 2924 1172 2985 illis
1217 2925 1514 3004 eligendis
1558 2924 1742 2988 multa
1788 2940 1941 2984 sane
1985 2928 2131 2984 sunt
2164 2921 2445 2982 ciocum-

318 3033 665 3111 spimenda.
775 3023 910 3104 Qua
973 3034 1033 3094 in
1094 3053 1163 3095 re
1217 3037 1372 3096 duas
1425 3035 1608 3096 video
1665 3035 1805 3094 ferri
1860 3033 2217 3096 sententias.
2312 3032 2448 3092 Una

315 3150 418 3202 est
474 3157 711 3223 eorum,
770 3144 899 3227 qui,
962 3163 1080 3222 quo
1126 3145 1300 3223 pueri
1342 3152 1567 3227 ortum,
1619 3158 2008 3225 progressuS,
2053 3150 2288 3225 aetateS,
2335 3149 2443 3201 to·-

317 3260 444 3313 tam
502 3252 770 3328 denique
825 3253 1142 3315 historiam
1199 3255 1424 3331 linguae
1481 3261 1879 3335 cognoscant,
1929 3254 2197 3312 minutas
2240 3251 2444 3329 parti-

316 3361 495 3421 cuias
571 3362 846 3422 omnium
910 3380 1093 3439 paene
1154 3365 1529 3443 scriptorum
1606 3363 1682 3422 iis
1747 3362 1902 3421 tradi
1971 3360 2189 3443 velint3
2255 3361 2444 3423 altera

312 3487 559 3553 eorum,
616 3472 719 3548 qui
764 3473 953 3533 libros
996 3476 1358 3551 pauciorum
1404 3473 1675 3554 quietern,
1735 3470 1846 3529 sed
1895 3476 2053 3530 totos
2097 3486 2173 3530 ac
2216 3470 2444 3532 solidos

316 3582 789 3659 pertractandos
832 3593 975 3643 esse
1019 3592 1334 3646 censeant.
1417 3585 1694 3656 Quarum
1739 3580 2204 3662 sententiarum,
2254 3595 2446 3656 quum

313 3690 488 3769 prior
544 3691 665 3774 illa,
722 3693 1066 3768 praesertim
1124 3694 1175 3755 si
1232 3694 1475 3771 linguas
1520 3692 1898 3753 recentiores
1945 3689 2338 3771 respicinuoe,
2383 3689 2447 3750 iu

312 3799 450 3860 dies
495 3801 693 3878 magis
738 3802 1234 3886 percrebrescat,
1280 3821 1405 3883 ego
1453 3811 1663 3866 tamen
1702 3817 1822 3863 non
1874 3800 2083 3862 dubito
2129 3797 2445 3877 posterio—

305 3927 445 3971 rem
489 3910 741 3971 omnino
790 3911 1102 3988 amplecti.

830 4217 835 4224 .
934 4209 961 4230 ..
1052 4135 1487 4241 208002
