2792 4409
1338 234 1374 291 9

332 404 514 465 rebus
567 402 936 482 disputatum
992 400 1072 461 sit
1124 405 1187 460 et
1234 413 1372 474 quae
1424 403 1776 475 argumenta
1823 393 2078 472 quisque
2122 389 2401 475 attulerit,

334 533 444 576 nos
508 514 686 575 etiam
750 512 977 596 docuit,
1034 511 1211 589 quale
1276 508 1456 569 fuerit
1503 515 1692 569 totum
1744 505 1884 566 illud
1942 520 2134 584 genus
2187 502 2403 564 decla-

333 626 553 687 mandi.
639 627 797 686 Inter
839 624 1112 685 rhetores
1152 629 1300 683 tunc
1344 619 1635 699 temporis
1678 619 1752 680 Μ.
1798 618 2046 678 Porcius
2087 618 2286 700 Latro,
2335 617 2400 678 C.

327 737 602 799 Albutius
665 736 824 799 Silus
887 743 1067 813 atque
1127 732 1384 794 Arellius
1439 734 1672 792 Fuscus
1726 729 1982 791 maxima
2043 728 2403 789 discentium

332 850 666 927 frequentia
724 849 1063 910 utebantur.
1166 844 1450 906 Ovidium
1506 852 1567 904 et
1615 842 1893 904 Latronis
1936 848 1998 901 et
2037 842 2213 903 Fusci
2258 840 2404 902 dili-

329 970 564 1041 gentem
608 961 798 1023 fuisse
841 959 1173 1022 auditorem
1217 958 1570 1034 bonumque
1612 953 1881 1016 habitum
1915 972 2053 1015 esse
2087 954 2404 1015 declama·-

330 1082 540 1158 torem,
585 1072 883 1153 imprimis
924 1071 985 1133 in
1032 1069 1347 1152 suasoriiS‚
1391 1069 1554 1129 idem
1598 1069 1834 1130 Seneca
1878 1074 2088 1129 auctor
2130 1074 2222 1128 est
2242 1065 2320 1141 2).

489 1188 615 1248 Mos
660 1193 787 1247 erat
828 1181 1007 1261 hujus
1050 1180 1278 1262 astatis,
1325 1188 1388 1241 ut
1433 1179 1851 1242 adolescentes
1894 1177 2405 1257 peregrinationi-

336 1299 444 1359 bus
510 1298 815 1376 susceptis
877 1302 1071 1357 terras
1136 1294 1294 1356 fama
1370 1292 1713 1354 nobilitatas
1777 1306 2105 1368 earumque
2177 1289 2407 1351 incolas

334 1417 789 1489 cognoscerent.
894 1407 1033 1468 Veri
1077 1405 1269 1468 simile
1312 1413 1428 1487 est,
1474 1403 1756 1464 Ovidium
1801 1401 1979 1481 paulo
2025 1411 2163 1482 post
2205 1409 2404 1479 togam

332 1522 558 1582 virilem
622 1527 936 1599 acceptam
1000 1518 1211 1580 itinera
1275 1516 1370 1578 illa
1437 1515 1809 1598 suscepisse,
1865 1513 2088 1592 quibus
2140 1515 2408 1577 Athenas

332 1641 392 1694 et
443 1633 795 1712 magnificas
851 1631 1035 1693 urbes
1090 1630 1251 1691 Asiae
1304 1637 1364 1691 et
1419 1628 1684 1691 Siciliam
1713 1625 1770 1707 ⁸)
1822 1626 2008 1705 petiit.
2093 1627 2155 1687 ln
2204 1626 2407 1689 Sicilia

332 1745 431 1806 diu
479 1753 747 1806 moratus
789 1753 905 1826 est,
951 1760 1207 1821 eamque
1249 1742 1477 1822 saepius
1521 1758 1658 1802 cum
1704 1739 2101 1801 delectatione
2145 1740 2405 1817 quadam

332 1857 621 1920 describit
642 1855 721 1931 ⁴).
823 1855 1101 1917 Ceterum
1168 1855 1279 1916 etsi
1327 1853 1577 1915 credere
1629 1851 1790 1936 licet,
1847 1852 2129 1913 nonnulla
2184 1851 2241 1911 in
2289 1853 2407 1913 hoc

327 1969 534 2030 itinere
588 1969 720 2029 visa
778 1965 1100 2043 auditaque
1155 1967 1445 2027 memoria
1503 1971 1859 2027 conservata
1915 1973 1974 2025 et
2014 1964 2225 2026 litteris
2268 1981 2410 2026 esse

335 2083 631 2162 mandata,
698 2086 900 2141 tamen
969 2077 1141 2139 facile
1205 2078 1510 2162 videmus,
1576 2078 1688 2139 iter
1750 2077 1845 2138 his
1898 2077 2230 2156 puerilibus
2283 2078 2408 2140 fere

331 2193 502 2255 annis
544 2196 900 2270 susceptum
945 2189 1106 2251 haud
1153 2207 1434 2268 magnam
1480 2190 1601 2252 vim
1647 2189 1723 2250 ad
1766 2188 2073 2267 ingenium
2110 2191 2408 2253 excolen-

292 2328 297 2336 ·
330 2307 469 2367 dum
512 2305 740 2365 habere
780 2301 1074 2380 potuisse.

493 2415 666 2488 Quod
722 2413 782 2474 in
837 2388 1142 2475 nonnullis
1188 2414 1326 2475 vitae
1369 2413 1882 2495 descriptionibus
1905 2413 1984 2498 ⁶),
2030 2432 2183 2493 quas
2226 2417 2407 2477 codi-

332 2528 504 2588 cibus
578 2524 896 2603 adJ'unctas
961 2526 1197 2606 collegit
1270 2528 1777 2609 BurmannuS,
1854 2525 2105 2587 relatum
2169 2528 2404 2611 inveni,

331 2638 610 2699 Ovidium
657 2638 774 2698 sub
814 2637 1088 2698 Varrone
1130 2637 1188 2697 in
1235 2637 1375 2699 Asia
1427 2638 1734 2712 militasse,
1777 2640 1915 2722 hoc,
1962 2639 2012 2698 si
2056 2637 2171 2719 ipsi
2214 2646 2410 2719 poetae

331 2751 579 2813 credere
632 2751 725 2811 fas
780 2755 894 2830 est,
948 2765 983 2809 a
1038 2766 1182 2811 vero
1238 2750 1539 2812 abhorret.
1639 2753 1718 2812 Se
1773 2751 1931 2812 enim
1987 2749 2254 2811 militiam
2297 2751 2411 2812 fu-

330 2864 492 2942 gisse
533 2863 788 2924 affirmat
814 2860 888 2938 ⁶).
953 2861 1171 2923 Contra
1218 2879 1289 2924 ea
1331 2862 1465 2939 ipse
1508 2863 1707 2944 docet,
1754 2880 1821 2923 se
1865 2862 2218 2924 muneribus
2260 2865 2407 2941 qui-

333 2974 586 3035 busdam
654 2971 938 3035 civilibus
1004 2973 1276 3035 functum
1342 2989 1502 3033 esse.
1609 2974 1759 3035 Nam
1816 2982 1876 3034 et
1928 2975 2080 3036 inter
2145 2984 2408 3038 centum·

329 3084 496 3147 viros
517 3084 574 3163 ⁷)
621 3094 679 3147 et
722 3081 1087 3146 decemviros
1111 3082 1167 3162 ⁸)
1210 3094 1269 3146 et
1309 3083 1660 3147 triumviros
1685 3084 1739 3161 ⁹)
1784 3086 1911 3147 fuit.
1959 3086 2404 3171 CentumviroS,

330 3215 586 3275 quorum
645 3213 938 3259 numerus
991 3212 1201 3256 revera
1256 3204 1385 3257 erat
1440 3203 1681 3257 centum
1738 3204 1799 3257 et
1852 3198 2137 3278 quinque,
2183 3197 2407 3277 quippe

332 3309 429 3386 qui
487 3328 520 3370 e
583 3308 840 3387 singulis
904 3308 1186 3371 tribubus
1248 3307 1402 3368 terni
1469 3316 1851 3390 caperentur,
1916 3306 2152 3384 judices
2220 3309 2408 3372 fuisse

328 3421 515 3482 litium
578 3420 986 3503 privatarum,
1063 3419 1366 3481 neminem
1433 3425 1704 3479 nostrum
1773 3418 1940 3497 fugit.
2059 3420 2121 3480 ld
2189 3420 2406 3482 mirum

466 3646 514 3710 ²)
553 3646 800 3699 controv.
836 3645 900 3697 X.
974 3645 1025 3711 ⁸)
1067 3648 1089 3697 4
1133 3645 1282 3696 Trist.
1319 3645 1376 3697 11:
1415 3646 1510 3710 773
1545 3644 1577 3695 Ξ
1613 3642 1807 3710 EpaeX:
1845 3643 1904 3694 2⁴
1931 3656 2048 3709 sqq.
2120 3643 2168 3705 ⁴)
2206 3644 2298 3695 Ex.
2334 3660 2406 3711 gr.

326 3733 466 3784 Fast.
502 3733 585 3784 IV:
624 3731 728 3785 448
764 3746 884 3799 sqq.
921 3734 1131 3785 Metam.
1169 3732 1229 3784 V:
1267 3731 1367 3783 346
1406 3744 1525 3799 sqq.
1601 3731 1651 3799 δ)
1683 3732 1783 3783 Per
1818 3731 2162 3798 Pomponium
2189 3731 2407 3799 Laetum,

324 3819 378 3871 (2.
430 3820 692 3886 Zarotum,
743 3819 1013 3873 Herculem
1059 3818 1325 3872 Ciofanum
1375 3822 1472 3870 etc.
1590 3818 1643 3883 ⁸]
1681 3817 1711 3869 4
1748 3819 1883 3870 Trist
1916 3819 1953 3870 1:
1999 3819 2084 3886 7⁴,
2120 3818 2212 3881 723
2269 3817 2407 3869 Fast.

324 3907 381 3957 n:
438 3909 469 3958 9
522 3920 643 3973 sqq.
770 3907 821 3970 7)
867 3910 899 3958 2
936 3907 1084 3958 Trist.
1119 3906 1340 3958 93-95.
1467 3907 1518 3971 8)
1564 3906 1702 3959 Fast.
1733 3907 1813 3959 lv:
1851 3905 1967 3959 384.
2093 3907 2142 3972 ⁹)
2191 3904 2222 3956 4
2258 3906 2406 3959 Trist.

323 3994 387 4045 X:
428 3992 510 4046 34.
