2792 4409
1280 211 1357 271 33

252 377 350 440 illo
418 377 666 439 omnino
733 393 883 453 pura
945 385 1184 458 essent,
1257 378 1442 438 altero
1500 379 1661 454 quod
1721 386 1943 457 nuptas
2000 386 2061 439 et
2113 376 2376 457 pudicas

254 490 416 550 nulla
473 489 628 549 furta
687 488 1021 570 docuisset,
1082 488 1188 548 sed
1247 488 1452 565 potius
1499 506 1532 548 a
1580 490 1955 551 carminibus
2012 491 2140 551 suis
2187 507 2371 552 amo-

256 601 450 661 visset
477 600 550 677 ⁶).
651 599 828 673 Quod
884 599 943 659 in
1001 598 1170 658 libris
1225 598 1512 659 Tristium
1569 599 2101 678 Epistolarumque
2146 617 2373 678 repre-

253 709 437 770 hendi
485 721 668 788 atque
714 711 955 770 defendi
1004 710 1220 791 possit,-
1267 710 1344 769 de
1389 710 1531 793 hoc,
1572 728 1759 787 quum
1797 714 1871 771 ad
1907 713 2181 789 singulos
2204 728 2369 771 ven-

247 829 378 881 tum
438 823 571 904 erit,
628 796 800 900 plura
858 822 1213 880 referemus,
1326 822 1502 882 Tunc
1557 821 1904 881 videbimus
1961 822 2164 904 etiam,
2223 822 2366 897 quid

249 939 430 1008 poeta
478 932 702 992 habeat
745 934 862 1015 sui,
910 932 1232 1015 quid-aliis
1279 932 1518 991 debeat.

420 1045 553 1100 Jam
611 1059 794 1119 supra
849 1043 1439 1125 animadvertimuS,
1487 1042 1699 1120 poesin
1759 1042 1956 1102 Ovidii
2017 1060 2133 1103 non
2181 1060 2368 1120 posse

246 1152 314 1210 in
357 1157 521 1212 certo
559 1153 816 1226 quodam
855 1171 1079 1232 genere
1116 1155 1263 1214 artis
1288 1155 1452 1232 poni.
1502 1155 1629 1213 Hac
1653 1154 1711 1212 in
1739 1170 1805 1212 re
1829 1155 2018 1213 Bern
2039 1154 2363 1237 hardyo,

255 1259 387 1320 viro
433 1262 805 1348 doctissime,
852 1266 1258 1326 assentientes
1305 1266 1407 1325 vix
1442 1266 1494 1325 ei
1534 1267 1957 1347 concedimuS,
1996 1265 2364 1326 didacticum

245 1386 446 1447 genus
504 1374 663 1450 apud
722 1375 886 1435 illum
930 1375 1341 1455 principatum
1391 1384 1598 1437 tenere
1625 1376 1708 1455 ⁷).
1798 1378 1950 1437 Nam
1999 1384 2058 1436 et
2104 1375 2367 1438 maxime

243 1482 668 1545 admirabilem
738 1504 878 1547 sese
934 1489 1212 1565 praestitit
1266 1489 1323 1547 in
1384 1489 1573 1547 rebus
1629 1488 1952 1548 narrandis
2006 1496 2188 1563 atque
2243 1487 2365 1547 de-

241 1593 616 1679 scribendis,
665 1605 724 1657 et
767 1597 826 1657 in
874 1600 1121 1679 scriptis
1166 1600 1466 1681 plurimiS,
1514 1599 1629 1659 illis
1672 1600 1848 1660 etiam
1889 1616 2028 1674 quae
2062 1598 2361 1659 didactica

240 1705 648 1791 appellamus,
707 1710 767 1770 id
827 1728 1036 1772 revera
1105 1712 1310 1771 minus
1376 1710 1492 1770 sibi
1561 1709 1900 1792 proposuit,
1960 1717 2029 1768 ut
2082 1709 2363 1770 homines

239 1813 516 1900 doceret,
574 1836 756 1895 quam
812 1828 877 1878 ut
933 1831 1169 1882 mentes
1215 1822 1531 1882 bominum
1576 1829 1812 1881 teneret
1856 1829 2036 1896 atque
2081 1819 2363 1880 delecta-

238 1935 352 1988 ret.
445 1929 858 2001 Quamobrem
909 1948 1027 1989 non
1076 1934 1271 2008 magis
1317 1940 1482 1991 certe
1527 1931 1898 1993 didacticum
1946 1948 2141 2009 genus
2188 1942 2361 2008 pr'ae-

238 2039 446 2099 valere
521 2040 783 2100 arbitror
850 2057 1033 2115 quam
1112 2042 1355 2118 epicum
1424 2053 1483 2102 et
1547 2043 1906 2120 elegiacum.
2031 2042 2358 2102 Dissimilia

237 2159 444 2210 autem
516 2167 740 2227 genera
811 2150 1231 2228 compluribus
1295 2152 1354 2210 in
1427 2153 1595 2212 libris
1650 2153 1729 2211 ita
1789 2160 1932 2211 sunt
1988 2152 2243 2213 confusa
2301 2159 2361 2210 et

214 2262 398 2344 *inter
465 2277 533 2319 se
598 2260 928 2343 implicata,
1001 2270 1066 2321 ut
1127 2261 1369 2324 difficile
1427 2262 1505 2322 sit
1557 2262 1917 2322 divisionem
1977 2262 2358 2339 probabilem

241 2372 467 2431 facere.
576 2371 730 2441 Quae
791 2377 993 2430 tamen
1052 2371 1103 2432 si
1157 2372 1551 2450 periclitanda
1611 2374 1743 2455 erit,
1802 2372 1939 2432 talis
1999 2373 2123 2431 fere
2180 2371 2358 2431 nobis

234 2480 534 2557 placebit:

287 2592 333 2649 I.
384 2587 620 2670 [spica.-
789 2593 1352 2671 Metamorphoseon
1378 2592 1516 2653 libr.
1541 2595 1651 2654 XV
1674 2602 1733 2654 et
1754 2596 2068 2654 Fastorum
2090 2592 2225 2652 libr.
2252 2591 2350 2652 Vl.

264 2699 336 2757 ΙΙ.
382 2693 717 2777 Eleyiaca:
791 2703 1082 2763 Heroides
1135 2706 1304 2786 XXI,
1361 2704 1655 2764 Amorum
1713 2704 1845 2763 libr.
1907 2706 2008 2773 lll,
2065 2700 2352 2761 Tristium

780 2810 913 2871 libr.
961 2814 1036 2895 V,
1081 2814 1489 2892 Epistolarum
1529 2832 1602 2872 ex
1638 2815 1827 2873 Ponto
1856 2812 1986 2871 libr.
2030 2811 2129 2893 IV,
2178 2810 2352 2871 Con-

238 2919 269 2947 ·
777 2921 988 2983 solatio
1035 2925 1110 2985 ad
1156 2924 1413 3004 Liviam,
1459 2924 1613 2983 Nux.

232 3031 330 3092 111.
377 3026 739 3090 Didactica:
783 3034 944 3093 Artis
1009 3034 1338 3095 Amatoriae
1404 3032 1536 3093 libr.
1608 3034 1715 3109 111,
1794 3033 2084 3094 Remedia
2151 3032 2351 3089 Amo-

373 3319 426 3380 6)
464 3318 596 3369 Vide
631 3317 887 3383 prolixam
928 3317 1308 3384 defensionem,
1348 3331 1468 3384 quae
1507 3318 1671 3381 elegia
1705 3316 1856 3367 unica
1896 3314 2011 3365 libri
2048 3312 2165 3364 Ilzdi
2202 3309 2263 3376 (a
2299 3329 2349 3363 v.

230 3404 333 3458 242
385 3418 557 3469 usque
604 3406 669 3456 ad
718 3405 904 3469 finem)
948 3406 1266 3457 continetur.
1393 3405 1443 3469 ⁷)
1488 3404 1880 3469 BernhardyuS‚
1928 3401 2211 3453 Grundriss
2260 3401 2354 3452 der

225 3488 544 3543 Romiscben
585 3488 877 3557 Litteratur,
921 3507 1039 3557 pag.
1097 3491 1224 3543 485:
1281 3490 1458 3542 ”Sieht
1493 3503 1613 3541 man
1662 3488 1752 3541 auf
1797 3489 1881 3540 die
1917 3488 2141 3539 Formen
2180 3488 2354 3538 seiner

227 3577 500 3641 Gediohte‚
541 3587 602 3625 so
640 3576 882 3626 stimmen
922 3580 998 3629 sie
1034 3594 1099 3629 zu
1137 3578 1321 3628 keiner
1355 3576 1767 3641 bergebraohten
1811 3572 2043 3636 Gattung
2069 3573 2174 3624 und
2205 3572 2351 3623 kon-

229 3679 353 3730 nen,
391 3677 547 3714 wenn
589 3660 722 3713 auch
771 3662 863 3712 der
898 3663 1154 3715 lehrhal‘te
1190 3664 1330 3715 Stoff
1356 3665 1666 3728 tiberwiegt‚
1705 3662 1841 3712 doch
1877 3660 2059 3712 weder
2096 3661 2188 3711 der
2223 3672 2349 3721 my-

230 3748 670 3816 thographisohen
712 3747 849 3798 noch
888 3749 981 3800 der
1017 3747 1379 3801 didaktischen
1410 3750 1599 3800 Poesie
1628 3764 1761 3813 ganz
1783 3748 2066 3813 zugetheilt
2087 3743 2348 3795 werden.”

225 3840 368 3892 Inter
405 3836 692 3889 didactioos
728 3835 905 3886 tamen
946 3850 974 3886 a
1010 3837 1069 3887 B.
1106 3835 1313 3901 positus
1336 3837 1436 3901 est,
1470 3848 1603 3902 eam,
1638 3835 1814 3901 credo,
1846 3836 1913 3885 ob
1941 3844 2174 3896 causam,
2204 3830 2348 3895 quod

227 3927 404 3993 aliquo
443 3926 496 3975 in
533 3934 753 3976 numero
788 3921 1067 3974 habendus
1106 3921 1263 3972 esset.

2124 4003 2150 4050 3
