2792 4409
1278 233 1343 294 Η

281 405 334 465 in
396 402 493 468 his
559 402 670 463 XX
735 399 881 462 viris
940 405 1112 468 erant
1163 406 1288 464 tres
1343 414 1544 460 rarum
1600 396 1943 475 capitalium
1987 402 2048 456 et
2089 393 2186 455 alii
2228 398 2354 456 tres

283 514 591 592 signandae
633 512 910 591 pecuniae
953 510 1257 588 negotium
1301 518 1602 593 gerentes,
1638 516 1914 586 quattuor
1956 508 2190 572 viarum
2233 522 2351 570 ur·-

285 626 570 690 banarum
620 631 952 706 curatores,
995 631 1056 683 et
1097 622 1311 686 decem
1350 619 1614 704 judiciis,
1662 637 1798 699 quaa
1828 620 1904 682 ad
1941 616 2354 682 centumviros

283 717 437 802 sorte
477 738 853 818 deferuntur,
898 733 1368 813 praeficiuntur&

441 853 575 912 Jam
636 848 820 926 igitur
886 844 1057 910 oin-ia
1120 846 1407 912 restabat.
1508 845 1678 908 Hanc
1730 851 1929 904 autam
1985 859 2093 908 cur
2157 859 2350 906 num-

286 979 458 1040 quam
504 959 785 1043 attigerit,
831 975 1051 1024 causas
1095 959 1225 1040 ipse
1267 957 1513 1037 exponit
1537 954 1613 1030 ⁸).
1703 958 1778 1020 Et
1817 956 1980 1016 vires
2010 954 2084 1016 ad
2119 960 2356 1018 tantum

286 1091 432 1138 onus
487 1072 909 1138 sustinendum
964 1071 1237 1152 deerant,
1290 1077 1349 1134 et
1402 1070 1588 1132 Musae
1640 1069 1904 1132 animum
1960 1067 2033 1132 ad
2082 1083 2149 1127 se
2189 1062 2353 1128 omni

286 1187 502 1264 impetu
557 1185 894 1248 trahebant.
1000 1182 1106 1246 His
1163 1181 1341 1246 etiam
1397 1181 1538 1262 cito,
1592 1180 1818 1244 omissa
1871 1197 1982 1260 spe
2033 1180 2352 1261 bonorum,

285 1304 467 1362 totum
533 1314 600 1358 se
666 1298 813 1360 dare
875 1294 1161 1360 decrevit.
1264 1295 1464 1365 Quum
1522 1308 1760 1358 summa
1813 1290 2118 1371 diligentia
2168 1306 2352 1369 opera

284 1415 590 1486 poetarum
637 1414 1051 1488 pertractaret,
1096 1413 1224 1470 tum
1270 1404 1539 1468 carmina
1583 1405 1715 1484 ipsa
1758 1403 2082 1468 admodum
2112 1400 2354 1479 juvenis

282 1519 547 1582 scribere
592 1519 790 1599 coepit
818 1517 897 1597 ⁹).

444 1632 545 1694 His
612 1629 988 1708 temporibus
1047 1624 1293 1712 cobleyia
1333 1636 1679 1711 poetarum,
1720 1629 1796 1696 ab
1840 1628 2048 1692 Asinio
2090 1627 2358 1718 Pollione

279 1743 567 1826 instituta,
633 1742 956 1823 florebant3
1024 1758 1221 1819 neque
1283 1741 1558 1822 dubium,
1626 1740 1767 1818 quin
1827 1740 1901 1804 iis
1955 1741 2114 1804 Naso
2171 1742 2350 1804 multa

283 1854 572 1920 debuerit.
659 1853 769 1916 Hic
824 1854 881 1914 in
938 1853 1165 1916 circulo
1209 1853 1543 1920 amicorum
1590 1852 1857 1916 carmina
1901 1853 2150 1918 recitata
2196 1870 2356 1917 acu-

284 1966 423 2030 mini
478 1964 815 2030 doctissimi
871 1963 1164 2043 cujusque
1218 1964 1709 2042 subjiciebantur.
1802 1964 1907 2028 Hie
1952 1966 2152 2028 omnia
2198 1984 2356 2028 exa-

285 2078 616 2161 minabant,
674 2077 815 2137 vitia
870 2076 1275 2161 corrigebant,
1330 2077 1487 2138 bona
1532 2077 1877 2140 laudabant.
1964 2078 2110 2140 Inde
2152 2077 2354 2162 fiebat,

284 2198 349 2254 ut
388 2190 447 2250 in
494 2189 911 2252 existimandis
954 2188 1161 2266 rebus,
1204 2205 1343 2267 quae
1383 2189 1458 2250 ad
1501 2187 1712 2267 poesin
1758 2187 2159 2271 pertinebant,
2208 2206 2358 2252 cer-

281 2309 406 2364 tum
472 2301 777 2378 quoddam
834 2298 1148 2384 judicium,
1213 2301 1285 2363 ad
1351 2301 1514 2378 quod
1579 2299 1796 2377 singuli
1863 2317 1931 2364 se
1993 2317 2356 2364 accommo-

282 2412 513 2494 darent,
582 2412 959 2476 stabiliretur.
1068 2411 1369 2490 Quidquid
1425 2411 1604 2490 igitur
1662 2411 1721 2473 in
1776 2411 1873 2473 tali
1920 2411 2170 2491 collegio
2214 2430 2358 2476 cum

281 2542 541 2590 assensu
605 2541 836 2606 eorum,
906 2524 1006 2603 qui
1071 2524 1415 2607 audiebant,
1484 2524 1794 2588 recitat-um
1860 2531 2007 2607 erat,
2074 2524 2132 2588 id
2193 2525 2353 2588 haud

279 2635 460 2700 dubie
515 2635 692 2706 etiam
749 2636 964 2702 ceteris
1018 2637 1406 2716 probabatur.
1505 2636 1814 2700 Sodalium
1879 2635 2194 2715 copiosum
2248 2636 2356 2700 in·-

279 2746 477 2808 dicem
543 2746 716 2808 nobis
784 2748 946 2814 dedit
1010 2730 1263 2814 ovidius
1318 2751 1351 2808 4
1410 2750 1520 2826 Ep.
1579 2750 1736 2814 xvi.
1831 2750 1997 2820 Quos
2044 2757 2362 2816 enumerat.

283 2860 314 2917 4
363 2858 539 2920 Trist.
596 2861 669 2920 X:
716 2860 790 2924 44
836 2878 965 2938 sqq.
1029 2860 1141 2922 hos
1194 2860 1500 2938 putandus
1566 2867 1658 2924 est
1719 2859 2028 2938 praecipuo
2091 2861 2356 2939 quodam

281 2986 486 3030 amore
530 2970 809 3036 coluisse.
857 2972 1150 3036 Praeterea
1197 2971 1596 3036 familiaritate
1637 2970 1958 3036 multorum
2003 2990 2139 3038 eum
2176 2991 2353 3036 usum

285 3081 494 3162 fuisse,
541 3080 807 3144 indicant
849 3083 1114 3164 epistolae
1158 3101 1232 3144 ex
1275 3084 1464 3146 Ponto
1505 3084 1582 3146 ad
1626 3082 1858 3146 amicos
1898 3085 2160 3162 scriptae.
2228 3086 2353 3144 Po-

281 3193 421 3270 pulo
469 3192 731 3258 carmina
780 3191 909 3270 ejus
955 3194 1341 3258 vehementer
1383 3194 1706 3272 placebant
1738 3195 1808 3270 ¹).

445 3305 620 3377 Quod
664 3306 736 3365 ad
785 3305 1118 3370 domestica
1163 3303 1389 3386 attinet,
1451 3306 1527 3367 de
1572 3305 1786 3364 Ovidio
1833 3306 1947 3366 hoc
1998 3306 2120 3368 fera
2162 3324 2355 3370 accc-

280 3415 508 3492 pimus:
564 3418 822 3478 Uxorem
880 3423 971 3480 ter
1022 3416 1212 3498 duxit,
1270 3415 1425 3478 duas
1468 3423 1666 3478 autem
1712 3416 1844 3495 ipse
1887 3417 2121 3482 videtur
2165 3418 2358 3482 dimi...

279 3527 453 3588 sisse.
554 3530 684 3601 Qua
734 3528 791 3587 in
839 3545 904 3588 re
948 3527 1332 3589 mobilitatem
1389 3526 1810 3605 levitatemque
1860 3527 2046 3589 seculi
2091 3528 2357 3592 imitatus

278 3649 387 3702 est.
495 3640 646 3706 Nam
713 3655 899 3715 quum
965 3647 1200 3702 veteres
1257 3641 1509 3704 Romani
1569 3639 1844 3720 coniugia
1898 3640 2156 3706 maxima
2215 3658 2355 3702 eum

417 3910 469 3976 ⁸)
505 3907 537 3959 4-
574 3908 723 3959 Trist.
770 3905 832 3956 X:
880 3908 945 3962 36
990 3922 1108 3975 sqq.
1216 3909 1269 3974 ⁹)
1304 3908 1336 3960 4
1372 3910 1525 3964 Trist.
1559 3912 1622 3962 X:
1660 3912 1745 3977 57,
1781 3912 1866 3964 58.
1979 3908 2025 3974 ¹)
2061 3910 2204 3964 Rem.
2242 3910 2358 3968 Am.

277 4012 323 4049 v.
361 3998 476 4050 363.
