2792 4409
1407 254 1443 311 2

383 408 548 468 serit.
644 410 853 487 Neque
909 412 1228 490 quisquam
1285 426 1464 494 poeta
1530 420 1876 483 uberiorem
1924 426 2016 484 sui
2066 429 2475 504 cognoscendi

382 520 696 579 materiam
765 521 940 581 nobis
1005 526 1291 611 praebuit,
1367 546 1547 605 quam
1605 532 1662 592 in
1722 534 1850 594 suis
1896 535 2261 612 quibusdam
2307 538 2479 600 libris

385 632 527 691 fecit
570 631 843 695 OvidiuS.
944 635 1275 698 Commode
1318 639 1378 698 id
1426 641 1606 701 etiam
1653 645 1832 705 nobis
1879 648 2147 732 contigit,
2195 650 2354 725 quod
2402 649 2478 709 de

380 744 502 803 vita
548 761 656 804 sua
703 744 761 803 in
811 746 1076 830 scriptis,
1133 751 1430 828 imprimis
1477 755 1759 838 PonticiS‚
1819 763 1941 817 tam
1988 760 2171 820 multa
2228 777 2474 820 memo-
2581 751 2597 768 ⁵

383 857 488 916 riae
530 857 814 939 prodidit,
861 866 930 917 ut
972 860 1222 922 aliorum
1268 864 1615 926 testimonia
1658 867 1759 926 vix
1802 869 2236 931 desideremus.
2325 871 2477 943 Quae

383 986 568 1046 quum
623 969 701 1028 ita
760 970 900 1053 sint,
957 980 1122 1056 recte
1179 974 1402 1056 egisse,
1463 977 1667 1060 credo,
1725 980 2000 1064 videbor,
2064 982 2114 1043 si
2171 983 2230 1042 in
2287 983 2473 1060 priori

380 1091 552 1159 parte
609 1082 1034 1159 disputationis
1091 1084 1166 1144 de
1221 1094 1416 1168 aetate,
1463 1087 1606 1171 vita,
1655 1090 1927 1152 moribus
1976 1094 2195 1177 Ovidii,
2242 1095 2300 1154 in
2346 1111 2471 1172 po-

304 1172 311 1179 ’
384 1192 616 1253 steriori
666 1194 740 1253 de
785 1192 914 1271 ejus
961 1197 1203 1274 scriptis
1246 1179 1781 1278 quantulacunque
1826 1204 2094 1265 attuierO.

1397 1410 1446 1481 I.

546 1535 678 1596 Vita
747 1534 944 1596 Ovidii
1011 1536 1222 1600 incidit
1285 1538 1341 1596 in
1399 1538 1558 1599 illam
1618 1548 1878 1624 aetatem,
1942 1560 2083 1625 qua,
2143 1543 2193 1603 si
2250 1549 2471 1604 statum

383 1647 588 1724 poesis
632 1646 952 1729 respiciaS,
995 1647 1151 1714 nulla
1199 1648 1433 1726 dignior
1479 1651 1609 1735 fuit,
1648 1670 1784 1729 quae
1822 1674 2009 1714 aurea
2042 1654 2472 1718 nominaretur.

381 1759 596 1818 Effecit
649 1759 767 1820 hoc
828 1758 965 1818 boni
1024 1760 1361 1822 tristissima
1431 1761 1769 1842 disciplinae
1812 1764 2033 1826 veteris
2076 1767 2472 1850 perturbatio,

383 1877 449 1929 ut
493 1868 637 1930 viris
680 1868 998 1945 splendido
1043 1870 1284 1948 ingenio
1328 1873 1598 1949 praeditis
1642 1874 1849 1936 liceret
1891 1895 1925 1938 a
1962 1877 2222 1940 civilium
2271 1896 2473 1942 rerum

382 1981 785 2062 occupatione
828 1982 1116 2042 recedere
1150 1989 1431 2064 totosque
1467 2001 1533 2043 se
1567 1983 1624 2043 in
1662 1984 1872 2048 litteris
1911 1987 2228 2052 collocare.
2275 1989 2475 2061 Quam

382 2092 685 2158 licentiam
735 2094 835 2156 vix
880 2095 1063 2155 dabat
1107 2094 1409 2172 antiquior
1450 2102 1621 2179 aetaS,
1670 2114 1785 2176 qua
1835 2100 2176 2178 respublica
2223 2101 2476 2162 florebat

383 2207 455 2268 ad
513 2204 765 2282 ejusque
809 2206 1309 2284 gubernationem
1356 2206 1685 2285 unicuique
1729 2209 1919 2269 libero
1963 2210 2162 2272 aditus
2206 2214 2470 2288 patebat.

383 2319 633 2380 Romani
681 2318 841 2377 enim
889 2327 1142 2396 vetereS,
1209 2335 1464 2394 quorum
1514 2318 1656 2379 nihil
1700 2318 1891 2398 pluris
1939 2321 2242 2406 intererat,
2291 2340 2472 2400 quam

381 2437 447 2492 ut
491 2429 957 2512 rempublicam,
1004 2448 1033 2491 a
1084 2428 1414 2506 majoribus
1459 2437 1801 2516 acceptam,
1849 2440 1908 2492 et
1949 2431 2202 2494 liberam
2239 2442 2296 2494 et
2329 2452 2470 2496 am-

379 2540 706 2618 plificatam
752 2541 1010 2618 posteris
1047 2541 1375 2625 traderent,
1412 2542 1590 2619 longe
1620 2542 1949 2620 plurimum
1994 2543 2198 2627 studii,
2244 2562 2469 2627 operae,
2533 2565 2542 2574 ·

378 2652 669 2730 temporis
723 2653 1019 2729 putabant
1073 2652 1276 2718 deberi
1335 2653 1583 2734 civitati,
1638 2653 1982 2731 proximum
2040 2663 2238 2718 autem
2286 2656 2473 2720 rebus

381 2765 762 2846 domesticis,
830 2765 992 2826 unde
1058 2765 1262 2844 fiebat,
1330 2771 1396 2824 ut
1460 2765 1619 2824 haud
1679 2766 1929 2828 multum
1990 2775 2342 2850 superesset
2395 2769 2469 2832 ad

378 2884 539 2944 artes
584 2876 862 2940 liberales
909 2878 1213 2942 colendas.
1312 2876 1391 2940 lis
1437 2878 1595 2938 enim
1642 2876 1928 2956 majorem
1977 2878 2282 2953 quandam
2326 2877 2472 2940 dare
2541 2942 2545 2948 ,

380 3003 627 3063 operam
687 2988 977 3047 Graeculis
1033 2989 1263 3069 otiosiS,
1321 3006 1441 3047 non
1495 2988 1785 3048 Romanis
1834 2988 2081 3065 dignum
2128 2988 2467 3054 videbatur.

381 3097 591 3158 Studia
647 3098 977 3162 litterarum
1035 3100 1189 3160 inter
1245 3098 1472 3164 leviora
1525 3098 1620 3158 illa
1679 3098 2082 3183 habebantur,
2141 3101 2199 3160 in
2249 3102 2469 3179 quibus

379 3208 607 3272 versari
660 3208 868 3272 liceret
912 3220 1060 3292 tum,
1119 3228 1305 3287 quum
1369 3211 1661 3290 gravibus
1706 3210 2003 3288 seriisque
2047 3212 2231 3272 rebus
2275 3212 2467 3271 satis-

270 3302 274 3306 ’
381 3319 690 3382 fecissent.

543 3433 669 3492 Hoc
712 3439 914 3498 tamen
960 3452 1080 3494 non
1125 3436 1201 3494 ita
1250 3435 1618 3500 intellectum
1665 3436 1824 3516 volo,
1872 3439 2009 3496 ante
2054 3442 2289 3498 aetatem
2331 3438 2467 3500 Au·-

380 3542 535 3618 gusti
585 3543 728 3606 nihil
771 3546 1013 3608 omnino
1061 3546 1238 3612 studii
1285 3547 1344 3606 in
1392 3548 1624 3609 artibus
1677 3549 1987 3608 Romanos
2030 3547 2330 3622 posuisse.
2416 3548 2464 3606 E

382 3654 682 3714 contrario
740 3658 915 3717 nobis
979 3658 1246 3735 perbene
1315 3658 1623 3735 cognitum
1685 3666 1798 3741 est,
1860 3655 1987 3734 jam
2045 3658 2247 3720 seculo
2306 3657 2463 3720 Vlzto

378 3780 437 3823 u.
485 3782 537 3824 c.
586 3774 931 3851 postquam,
992 3786 1207 3847 magna
1257 3769 1491 3830 Graecia
1537 3768 1796 3852 devicta,
1845 3769 1920 3828 de
1965 3768 2232 3828 doctrina
2282 3769 2461 3828 Grae-

383 3893 590 3938 corum
648 3879 870 3956 aliquid
928 3881 1177 3948 Romani
1225 3880 1526 3957 suspicari
1573 3881 1942 3963 coepissent,
1987 3879 2289 3944 exstitisse
2335 3879 2461 3940 hu-

384 3989 684 4051 manitatis
741 3993 1067 4074 studiosam,
1125 3991 1223 4068 qui
1279 3990 1570 4067 quidquid
1628 3992 1903 4062 scientiae
1957 3991 2247 4067 consequi
2304 4008 2461 4070 pos-
