2792 4409
1355 284 1390 342 3

321 459 459 513 sent
526 449 741 528 cupide
808 451 1160 528 arriperent.
1267 444 1470 521 Quid?
1534 452 1693 526 quod
1759 465 1836 510 ne
1893 457 2038 510 tunc
2084 445 2328 525 quidem
2380 446 2421 506 ii

322 564 667 646 defuerunt,
725 562 826 639 qui
885 579 1020 639 quae
1078 561 1189 639 ipsi
1237 562 1628 639 accepissent
1674 561 1999 622 scribendo
2045 560 2213 637 quasi
2261 556 2420 617 red-—

322 676 469 735 dere
517 667 921 734 conarentur?
963 674 1216 750 Vulgata
1264 681 1405 733 sunt
1450 673 1690 734 nomina
1740 673 1912 755 Livii,
1958 672 2168 754 Naevii,
2215 670 2416 752 Ennii,

321 777 591 870 Pacuvii,
637 786 847 869 Plauti,
895 785 1153 846 Terentii
1201 792 1341 866 etc.,
1400 800 1655 861 quorum
1703 785 1952 868 scripta,
2004 783 2110 844 etsi
2161 782 2235 843 ab
2282 782 2417 840 ele—-

326 898 526 977 gantia
597 897 863 959 cultioris
928 897 1041 957 aevi
1109 897 1283 974 longe
1351 896 1596 973 distant,
1665 903 1926 957 attamen
1997 904 2054 955 et
2107 893 2417 972 ingenium

324 1011 817 1089 diligentiamque
862 1013 1177 1069 auctorum
1224 1008 1624 1068 testificantur
1670 1016 1728 1066 et
1773 1007 2011 1067 civibus
2058 1006 2214 1065 haud
2261 1017 2418 1082 par-

328 1137 469 1183 vum
517 1119 929 1199 adjumentum
976 1120 1316 1180 attulerunt.
1388 1125 1545 1182 Inter
1588 1119 1905 1199 prosaicos
1951 1133 2094 1178 vero
2145 1116 2417 1204 scripto-⁵5

328 1252 426 1295 res
489 1231 667 1310 hujus
732 1231 922 1293 fetatis
993 1233 1252 1293 maxime
1309 1232 1533 1292 eminet
1584 1234 1659 1292 Μ.
1716 1231 1965 1291 Porcius
2023 1232 2191 1311 Cato,
2237 1230 2418 1288 homo

332 1346 546 1407 nullius
600 1345 990 1405 humanitatis
1044 1363 1284 1427 expers,
1347 1364 1377 1405 a
1428 1345 1554 1404 suis
1600 1351 1798 1404 autem
1856 1359 1974 1403 non
2025 1358 2265 1418 semper
2309 1340 2420 1398 rite

330 1458 681 1519 aestimatae.
780 1456 889 1516 Hic
943 1463 1144 1516 tamen
1203 1455 1602 1517 eruditionem
1662 1452 1999 1531 Grajorum‚
2046 1469 2181 1531 quae
2224 1452 2419 1529 magis

332 1569 646 1646 magisque
689 1570 940 1628 Romam
987 1569 1486 1650 transferebatur,
1535 1569 1612 1628 ab
1657 1583 1769 1627 usu
1816 1567 1954 1626 vitae
1998 1567 2252 1626 alienam
2288 1580 2417 1642 pu·-

328 1687 489 1763 tanS,
548 1680 699 1739 adeo
742 1683 1127 1758 suspicacem
1177 1698 1244 1739 se
1288 1680 1567 1763 praebuit,
1615 1687 1683 1740 ut
1725 1686 1849 1739 tres
1891 1678 2023 1738 illos
2068 1678 2316 1737 Graecos
2362 1694 2414 1736 a.

330 1789 570 1852 DXGIX
630 1792 885 1852 Athenis
952 1792 1170 1852 missos
1236 1793 1336 1853 vix
1402 1794 1459 1853 in
1528 1794 1680 1852 urbe
1735 1805 2050 1851 remanere
2094 1793 2416 1867 pateretur.

329 1902 512 1963 Paulo
571 1892 893 1982 ante'lege
948 1911 1192 1964 cautum
1249 1912 1397 1987 erat,
1459 1921 1533 1965 ne
1577 1904 1916 1983 philosophi
1963 1875 2267 1982 Epicurei,
2317 1900 2415 1976 qui

335 2013 712 2096 dicebantur,
778 2016 1105 2076 sententias
1176 2031 1318 2075 suas
1385 2018 1781 2095 divulgarent.
1891 2013 2232 2091 Philosophi
2302 2013 2418 2071 hoc

333 2133 601 2204 tempore
648 2127 747 2186 vix
790 2127 887 2185 ulli
933 2127 1086 2185 inter
1130 2129 1435 2187 Romanos
1480 2128 1738 2186 fuerunt.
1819 2126 1959 2186 Mori
2009 2128 2417 2185 Romanorum

332 2236 409 2295 ad
454 2237 593 2297 vitae
634 2253 813 2298 usum
857 2238 1055 2297 omnia
1104 2238 1491 2298 referentium
1546 2239 1603 2297 id
1661 2237 1837 2296 etiam
1886 2237 2191 2317 convenit,
2257 2233 2416 2309 quod

335 2346 392 2405 in
439 2348 770 2425 eloquentia
818 2357 996 2426 atque
1038 2350 1096 2409 in
1145 2349 1387 2410 historia
1450 2350 1772 2410 scribenda
1818 2358 1987 2409 antea
2038 2346 2421 2407 elaborarunt

332 2477 513 2535 quam
558 2462 617 2520 in
664 2461 1061 2540 philosophia.

499 2574 649 2632 Tum
707 2574 912 2633 seculo
967 2574 1193 2634 Vlltmo
1251 2575 1417 2634 multi
1473 2582 1744 2634 oratores
1802 2581 1859 2632 et
1914 2572 2204 2654 historici,
2252 2589 2417 2631 non-

334 2683 476 2743 nulli
537 2683 687 2760 juris
753 2686 947 2768 periti,
1015 2686 1193 2764 pauci
1262 2694 1461 2747 autem
1528 2694 1722 2764 poetae
1784 2687 2159 2747 exstiterunt.
2260 2682 2420 2744 Talis

332 2804 462 2855 erat
521 2797 797 2858 condicio
852 2811 1076 2880 rerum,
1136 2805 1199 2856 ut
1245 2806 1442 2857 castra
1491 2808 1547 2857 et
1590 2798 1868 2873 proxime
1909 2800 2102 2856 forum
2150 2796 2417 2855 omnium

335 2906 496 2967 vires
563 2907 950 2968 desideraret.
1056 2908 1202 2967 Nam
1274 2908 1446 2968 bellis
1481 2909 1752 2968 Punicis
1820 2910 2133 2991 censeam,
2199 2905 2419 2967 excisis

334 3020 718 3102 Carthagine,
767 3019 1074 3102 CorinthO,
1122 3020 1463 3103 Numantia,
1512 3021 1628 3079 cito
1676 3021 1877 3080 vexari
1926 3028 2137 3098 coepta
2184 3028 2275 3078 est
2321 3018 2418 3075 ci-

335 3130 494 3189 vitas
539 3138 597 3190 et
639 3131 1039 3191 seditionibus
1080 3132 1335 3191 internis
1379 3140 1438 3189 et
1483 3131 1652 3192 bellis
1697 3133 1959 3191 externis
1995 3132 2420 3192 ettandem-a-
2483 3163 2497 3180 -

337 3244 495 3319 quod
565 3244 825 3304 maxime
881 3243 1244 3302 horrendum
1304 3249 1396 3302 est
1454 3277 1529 3287 --
1585 3244 1755 3302 bellis
1812 3244 2109 3304 civilibus.
2206 3244 2268 3300 ln
2327 3241 2419 3300 his

336 3356 515 3415 tantis
578 3356 937 3416 tumultibus
1001 3353 1319 3430 disciplina
1376 3359 1577 3411 tamen
1634 3352 1986 3430 reipublicae
2028 3353 2415 3412 retinebatur.

332 3468 507 3527 Brevi
560 3468 736 3528 etiam
793 3466 986 3545 spatio
1043 3466 1271 3527 Sullani
1327 3465 1560 3543 imperii
1618 3465 1859 3542 species
1904 3466 2177 3541 quaedam
2227 3464 2419 3523 liber-

332 3581 471 3639 tatis
539 3580 846 3641 remansit.
951 3577 1231 3637 Nondum
1300 3577 1505 3638 liberte
1571 3593 1755 3637 voces
1811 3577 1868 3635 in
1928 3577 2117 3657 curia,
2177 3576 2236 3634 in
2293 3574 2419 3635 foro

334 3692 770 3752 conticuerant.
846 3688 1112 3766 Legibus
1157 3690 1464 3749 etiamtum
1513 3688 1959 3765 quodammodo
2003 3687 2417 3768 obediebatur,

334 3803 447 3863 nisi
496 3817 614 3878 qua
658 3804 716 3863 in
768 3819 831 3861 re
876 3800 1179 3878 cupiditas
1224 3801 1535 3861 dictatoris
1581 3800 1999 3860 intercederet.
2089 3800 2192 3858 His
2238 3797 2420 3856 rebus

331 3914 546 3996 fiebat,
604 3915 663 3974 id
720 3913 879 3992 quod
939 3929 1121 3988 supra
1178 3912 1465 3991 diximuS,
1525 3921 1589 3972 ut
1645 3912 1808 3971 baud
1860 3929 2088 3990 parvus
2142 3910 2424 3970 existeret

321 4041 615 4087 numerus
659 4034 989 4105 oratorum,
1035 4023 1489 4108 historicorum,
1532 4023 1695 4100 juris
1740 4024 2089 4100 peritorum.
2151 4024 2225 4082 Jn
2271 4020 2420 4098 phi-

2178 4121 2229 4163 1.
