<?xml version="1.0" encoding="UTF-8"?>
<!DOCTYPE html PUBLIC "-//W3C//DTD XHTML 1.0 Transitional//EN"
    "http://www.w3.org/TR/xhtml1/DTD/xhtml1-transitional.dtd">
<html xmlns="http://www.w3.org/1999/xhtml" xml:lang="en" lang="en">
 <head>
  <title>
</title>
<meta http-equiv="Content-Type" content="text/html;charset=utf-8" />
  <meta name='ocr-system' content='tesseract 3.04.00' />
  <meta name='ocr-capabilities' content='ocr_page ocr_carea ocr_par ocr_line ocrx_word'/>
</head>
<body>
  <div class='ocr_page' id='page_1' title='image "adlibrospovidii00unkngoog_0010.png"; bbox 0 0 2792 4409; ppageno 0'>
   <div class='ocr_carea' id='block_1_1' title="bbox 420 371 2547 1778">
    <p class='ocr_par' dir='ltr' id='par_1_1' title="bbox 420 371 2547 1778">
     <span class='ocr_line' id='line_1_1' title="bbox 430 371 2545 458; baseline 0.001 -26"><span class='ocrx_word' id='word_1_1' title='bbox 430 374 607 434; x_wconf 81' lang='lat' dir='ltr'>facile</span> <span class='ocrx_word' id='word_1_2' title='bbox 677 373 961 435; x_wconf 81' lang='lat' dir='ltr'>accidere</span> <span class='ocrx_word' id='word_1_3' title='bbox 1027 372 1201 453; x_wconf 87' lang='lat' dir='ltr'>solet,</span> <span class='ocrx_word' id='word_1_4' title='bbox 1267 387 1457 448; x_wconf 86' lang='lat' dir='ltr'><strong>quum</strong></span> <span class='ocrx_word' id='word_1_5' title='bbox 1523 371 1732 449; x_wconf 85' lang='lat' dir='ltr'>pueris</span> <span class='ocrx_word' id='word_1_6' title='bbox 1790 373 1998 449; x_wconf 85' lang='lat' dir='ltr'>plures</span> <span class='ocrx_word' id='word_1_7' title='bbox 2052 380 2196 434; x_wconf 80' lang='lat' dir='ltr'>sunt</span> <span class='ocrx_word' id='word_1_8' title='bbox 2249 375 2545 458; x_wconf 76' lang='lat' dir='ltr'>magistri,</span> 
     </span>
     <span class='ocr_line' id='line_1_2' title="bbox 427 480 2543 565; baseline 0 -20"><span class='ocrx_word' id='word_1_9' title='bbox 427 500 689 562; x_wconf 87' lang='lat' dir='ltr'>quorum</span> <span class='ocrx_word' id='word_1_10' title='bbox 747 482 993 565; x_wconf 82' lang='lat' dir='ltr'>singuli,</span> <span class='ocrx_word' id='word_1_11' title='bbox 1052 498 1303 542; x_wconf 87' lang='lat' dir='ltr'>suarum</span> <span class='ocrx_word' id='word_1_12' title='bbox 1367 480 1631 558; x_wconf 78' lang='lat' dir='ltr'>partium</span> <span class='ocrx_word' id='word_1_13' title='bbox 1679 481 1967 565; x_wconf 77' lang='lat' dir='ltr'><strong>studiosi,</strong></span> <span class='ocrx_word' id='word_1_14' title='bbox 2026 500 2133 544; x_wconf 84' lang='lat' dir='ltr'>sos</span> <span class='ocrx_word' id='word_1_15' title='bbox 2187 484 2264 544; x_wconf 88' lang='lat' dir='ltr'>ad</span> <span class='ocrx_word' id='word_1_16' title='bbox 2319 499 2389 545; x_wconf 80' lang='lat' dir='ltr'>se</span> <span class='ocrx_word' id='word_1_17' title='bbox 2431 502 2543 545; x_wconf 85' lang='lat' dir='ltr'>ra·-</span> 
     </span>
     <span class='ocr_line' id='line_1_3' title="bbox 427 590 2547 672; baseline -0.001 -17"><span class='ocrx_word' id='word_1_18' title='bbox 427 611 576 672; x_wconf 75' lang='lat' dir='ltr'>pere</span> <span class='ocrx_word' id='word_1_19' title='bbox 641 599 958 655; x_wconf 82' lang='lat' dir='ltr'>conantur.</span> <span class='ocrx_word' id='word_1_20' title='bbox 1068 594 1278 669; x_wconf 82' lang='lat' dir='ltr'>Itaque</span> <span class='ocrx_word' id='word_1_21' title='bbox 1331 590 1478 650; x_wconf 85' lang='lat' dir='ltr'>nihil</span> <span class='ocrx_word' id='word_1_22' title='bbox 1537 593 1735 670; x_wconf 81' lang='lat' dir='ltr'>magis</span> <span class='ocrx_word' id='word_1_23' title='bbox 1782 593 2409 672; x_wconf 68' lang='lat' dir='ltr'><strong>circumspiciendum</strong></span> <span class='ocrx_word' id='word_1_24' title='bbox 2454 602 2547 655; x_wconf 82' lang='lat' dir='ltr'>est</span> 
     </span>
     <span class='ocr_line' id='line_1_4' title="bbox 422 701 2543 786; baseline 0 -23"><span class='ocrx_word' id='word_1_25' title='bbox 422 705 527 786; x_wconf 78' lang='lat' dir='ltr'>illi3</span> <span class='ocrx_word' id='word_1_26' title='bbox 596 704 697 764; x_wconf 84' lang='lat' dir='ltr'>oui</span> <span class='ocrx_word' id='word_1_27' title='bbox 760 703 1123 782; x_wconf 79' lang='lat' dir='ltr'>gubernatio</span> <span class='ocrx_word' id='word_1_28' title='bbox 1189 701 1421 764; x_wconf 73' lang='lat' dir='ltr'>scholas</span> <span class='ocrx_word' id='word_1_29' title='bbox 1490 703 1778 764; x_wconf 84' lang='lat' dir='ltr'>mandata</span> <span class='ocrx_word' id='word_1_30' title='bbox 1843 711 1959 785; x_wconf 82' lang='lat' dir='ltr'>est,</span> <span class='ocrx_word' id='word_1_31' title='bbox 2018 719 2205 781; x_wconf 84' lang='lat' dir='ltr'>quam</span> <span class='ocrx_word' id='word_1_32' title='bbox 2262 721 2342 764; x_wconf 79' lang='lat' dir='ltr'>ns</span> <span class='ocrx_word' id='word_1_33' title='bbox 2393 704 2543 780; x_wconf 87' lang='lat' dir='ltr'>quid</span> 
     </span>
     <span class='ocr_line' id='line_1_5' title="bbox 423 812 2542 892; baseline -0 -18"><span class='ocrx_word' id='word_1_34' title='bbox 423 815 544 875; x_wconf 86' lang='lat' dir='ltr'>hoc</span> <span class='ocrx_word' id='word_1_35' title='bbox 587 815 647 875; x_wconf 85' lang='lat' dir='ltr'>in</span> <span class='ocrx_word' id='word_1_36' title='bbox 694 830 920 891; x_wconf 77' lang='lat' dir='ltr'><strong>genere</strong></span> <span class='ocrx_word' id='word_1_37' title='bbox 961 821 1277 891; x_wconf 76' lang='lat' dir='ltr'>peccetur.</span> <span class='ocrx_word' id='word_1_38' title='bbox 1356 813 1532 873; x_wconf 84' lang='lat' dir='ltr'>Haud</span> <span class='ocrx_word' id='word_1_39' title='bbox 1579 813 1708 873; x_wconf 85' lang='lat' dir='ltr'>scio</span> <span class='ocrx_word' id='word_1_40' title='bbox 1754 831 1830 874; x_wconf 86' lang='lat' dir='ltr'>an</span> <span class='ocrx_word' id='word_1_41' title='bbox 1874 814 1937 874; x_wconf 89' lang='lat' dir='ltr'>id</span> <span class='ocrx_word' id='word_1_42' title='bbox 1980 813 2163 875; x_wconf 80' lang='lat' dir='ltr'>etiam</span> <span class='ocrx_word' id='word_1_43' title='bbox 2207 812 2542 892; x_wconf 85' lang='lat' dir='ltr'>optandum</span> 
     </span>
     <span class='ocr_line' id='line_1_6' title="bbox 422 922 2541 1007; baseline -0 -23"><span class='ocrx_word' id='word_1_44' title='bbox 422 924 523 1007; x_wconf 84' lang='lat' dir='ltr'>sit,</span> <span class='ocrx_word' id='word_1_45' title='bbox 588 930 659 984; x_wconf 87' lang='lat' dir='ltr'>ut</span> <span class='ocrx_word' id='word_1_46' title='bbox 720 940 800 984; x_wconf 83' lang='lat' dir='ltr'>ne</span> <span class='ocrx_word' id='word_1_47' title='bbox 862 924 1068 984; x_wconf 88' lang='lat' dir='ltr'>omnia</span> <span class='ocrx_word' id='word_1_48' title='bbox 1135 922 1197 983; x_wconf 90' lang='lat' dir='ltr'>in</span> <span class='ocrx_word' id='word_1_49' title='bbox 1262 939 1767 1000; x_wconf 83' lang='lat' dir='ltr'><strong>unumquemque</strong></span> <span class='ocrx_word' id='word_1_50' title='bbox 1821 924 1986 985; x_wconf 83' lang='lat' dir='ltr'>diem</span> <span class='ocrx_word' id='word_1_51' title='bbox 2040 924 2206 985; x_wconf 84' lang='lat' dir='ltr'>domi</span> <span class='ocrx_word' id='word_1_52' title='bbox 2257 924 2541 984; x_wconf 77' lang='lat' dir='ltr'>ediscere</span> 
     </span>
     <span class='ocr_line' id='line_1_7' title="bbox 422 1031 2538 1117; baseline -0 -22"><span class='ocrx_word' id='word_1_53' title='bbox 422 1042 741 1117; x_wconf 80' lang='lat' dir='ltr'>cogantur,</span> <span class='ocrx_word' id='word_1_54' title='bbox 789 1033 1308 1098; x_wconf 80' lang='lat' dir='ltr'>sed-adhibeatur</span> <span class='ocrx_word' id='word_1_55' title='bbox 1352 1031 1574 1115; x_wconf 78' lang='lat' dir='ltr'>magis,</span> <span class='ocrx_word' id='word_1_56' title='bbox 1622 1049 1808 1109; x_wconf 82' lang='lat' dir='ltr'>quam</span> <span class='ocrx_word' id='word_1_57' title='bbox 1853 1049 2019 1094; x_wconf 86' lang='lat' dir='ltr'><strong>nunc</strong></span> <span class='ocrx_word' id='word_1_58' title='bbox 2063 1035 2148 1115; x_wconf 83' lang='lat' dir='ltr'>fit,</span> <span class='ocrx_word' id='word_1_59' title='bbox 2183 1034 2255 1093; x_wconf 82' lang='lat' dir='ltr'>in</span> <span class='ocrx_word' id='word_1_60' title='bbox 2303 1032 2538 1111; x_wconf 81' lang='lat' dir='ltr'>schola,</span> 
     </span>
     <span class='ocr_line' id='line_1_8' title="bbox 420 1142 2540 1224; baseline -0 -20"><span class='ocrx_word' id='word_1_61' title='bbox 420 1145 484 1205; x_wconf 92' lang='lat' dir='ltr'>in</span> <span class='ocrx_word' id='word_1_62' title='bbox 528 1144 829 1223; x_wconf 84' lang='lat' dir='ltr'>superiori</span> <span class='ocrx_word' id='word_1_63' title='bbox 874 1151 1064 1224; x_wconf 82' lang='lat' dir='ltr'>certe,</span> <span class='ocrx_word' id='word_1_64' title='bbox 1111 1142 1263 1203; x_wconf 79' lang='lat' dir='ltr'>ratio</span> <span class='ocrx_word' id='word_1_65' title='bbox 1308 1143 1721 1204; x_wconf 82' lang='lat' dir='ltr'>acroamatica</span> <span class='ocrx_word' id='word_1_66' title='bbox 1767 1160 1906 1221; x_wconf 84' lang='lat' dir='ltr'>quae</span> <span class='ocrx_word' id='word_1_67' title='bbox 1949 1143 2186 1205; x_wconf 78' lang='lat' dir='ltr'>dicitur.</span> <span class='ocrx_word' id='word_1_68' title='bbox 2230 1145 2304 1205; x_wconf 80' lang='lat' dir='ltr'>Et</span> <span class='ocrx_word' id='word_1_69' title='bbox 2351 1159 2540 1220; x_wconf 76' lang='lat' dir='ltr'><strong>quum</strong></span> 
     </span>
     <span class='ocr_line' id='line_1_9' title="bbox 422 1252 2538 1335; baseline -0.002 -19"><span class='ocrx_word' id='word_1_70' title='bbox 422 1257 497 1316; x_wconf 91' lang='lat' dir='ltr'>iis</span> <span class='ocrx_word' id='word_1_71' title='bbox 537 1271 661 1315; x_wconf 85' lang='lat' dir='ltr'>non</span> <span class='ocrx_word' id='word_1_72' title='bbox 708 1254 1032 1335; x_wconf 83' lang='lat' dir='ltr'>assentiar,</span> <span class='ocrx_word' id='word_1_73' title='bbox 1078 1253 1182 1329; x_wconf 90' lang='lat' dir='ltr'>qui</span> <span class='ocrx_word' id='word_1_74' title='bbox 1228 1252 1449 1314; x_wconf 79' lang='lat' dir='ltr'>artium</span> <span class='ocrx_word' id='word_1_75' title='bbox 1485 1254 1545 1313; x_wconf 88' lang='lat' dir='ltr'>in</span> <span class='ocrx_word' id='word_1_76' title='bbox 1583 1253 1838 1315; x_wconf 79' lang='lat' dir='ltr'>scholas</span> <span class='ocrx_word' id='word_1_77' title='bbox 1861 1253 2343 1313; x_wconf 72' lang='lat' dir='ltr'>introductarum</span> <span class='ocrx_word' id='word_1_78' title='bbox 2369 1270 2538 1312; x_wconf 82' lang='lat' dir='ltr'>non-</span> 
     </span>
     <span class='ocr_line' id='line_1_10' title="bbox 422 1353 2536 1447; baseline -0.001 -21"><span class='ocrx_word' id='word_1_79' title='bbox 422 1365 624 1426; x_wconf 87' lang='lat' dir='ltr'>nullas</span> <span class='ocrx_word' id='word_1_80' title='bbox 680 1368 777 1442; x_wconf 80' lang='lat' dir='ltr'><strong>(ut.</strong></span> <span class='ocrx_word' id='word_1_81' title='bbox 826 1364 1095 1443; x_wconf 80' lang='lat' dir='ltr'>linguam</span> <span class='ocrx_word' id='word_1_82' title='bbox 1152 1377 1446 1445; x_wconf 61' lang='lat' dir='ltr'>griseam,</span> <span class='ocrx_word' id='word_1_83' title='bbox 1502 1362 1974 1447; x_wconf 80' lang='lat' dir='ltr'>philosophiam,</span> <span class='ocrx_word' id='word_1_84' title='bbox 2034 1362 2348 1425; x_wconf 78' lang='lat' dir='ltr'>historiam</span> <span class='ocrx_word' id='word_1_85' title='bbox 2410 1353 2536 1424; x_wconf 64' lang='grc' dir='ltr'>1]ᾶὲ-</span> 
     </span>
     <span class='ocr_line' id='line_1_11' title="bbox 420 1472 2538 1554; baseline -0.001 -17"><span class='ocrx_word' id='word_1_86' title='bbox 420 1476 710 1551; x_wconf 81' lang='lat' dir='ltr'>turalsm)</span> <span class='ocrx_word' id='word_1_87' title='bbox 774 1482 934 1536; x_wconf 76' lang='lat' dir='ltr'>totas</span> <span class='ocrx_word' id='word_1_88' title='bbox 999 1474 1183 1535; x_wconf 80' lang='lat' dir='ltr'>velint</span> <span class='ocrx_word' id='word_1_89' title='bbox 1250 1490 1468 1536; x_wconf 81' lang='lat' dir='ltr'>rursus</span> <span class='ocrx_word' id='word_1_90' title='bbox 1523 1472 1852 1554; x_wconf 83' lang='lat' dir='ltr'>eliminari,</span> <span class='ocrx_word' id='word_1_91' title='bbox 1910 1474 2075 1535; x_wconf 90' lang='lat' dir='ltr'>omni</span> <span class='ocrx_word' id='word_1_92' title='bbox 2129 1491 2279 1535; x_wconf 81' lang='lat' dir='ltr'>cura</span> <span class='ocrx_word' id='word_1_93' title='bbox 2334 1481 2538 1535; x_wconf 77' lang='lat' dir='ltr'>tamon</span> 
     </span>
     <span class='ocr_line' id='line_1_12' title="bbox 423 1582 2540 1667; baseline 0 -24"><span class='ocrx_word' id='word_1_94' title='bbox 423 1586 756 1646; x_wconf 85' lang='lat' dir='ltr'>videndum</span> <span class='ocrx_word' id='word_1_95' title='bbox 802 1602 943 1645; x_wconf 86' lang='lat' dir='ltr'>esse</span> <span class='ocrx_word' id='word_1_96' title='bbox 996 1582 1168 1666; x_wconf 76' lang='lat' dir='ltr'>puto,</span> <span class='ocrx_word' id='word_1_97' title='bbox 1215 1601 1296 1644; x_wconf 82' lang='lat' dir='ltr'>no</span> <span class='ocrx_word' id='word_1_98' title='bbox 1337 1585 1536 1667; x_wconf 78' lang='lat' dir='ltr'>pueri,</span> <span class='ocrx_word' id='word_1_99' title='bbox 1582 1585 1923 1661; x_wconf 60' lang='lat' dir='ltr'>praesertim</span> <span class='ocrx_word' id='word_1_100' title='bbox 1971 1585 2117 1645; x_wconf 86' lang='lat' dir='ltr'>dum</span> <span class='ocrx_word' id='word_1_101' title='bbox 2159 1593 2374 1645; x_wconf 75' lang='lat' dir='ltr'>tenera</span> <span class='ocrx_word' id='word_1_102' title='bbox 2418 1585 2540 1645; x_wconf 83' lang='lat' dir='ltr'>sint</span> 
     </span>
     <span class='ocr_line' id='line_1_13' title="bbox 425 1694 1941 1778; baseline -0.001 -21"><span class='ocrx_word' id='word_1_103' title='bbox 425 1703 624 1778; x_wconf 63' lang='lat' dir='ltr'>estate,</span> <span class='ocrx_word' id='word_1_104' title='bbox 672 1695 856 1756; x_wconf 88' lang='lat' dir='ltr'>nimia</span> <span class='ocrx_word' id='word_1_105' title='bbox 902 1694 964 1755; x_wconf 89' lang='lat' dir='ltr'>in</span> <span class='ocrx_word' id='word_1_106' title='bbox 1011 1695 1304 1755; x_wconf 78' lang='lat' dir='ltr'>varietate</span> <span class='ocrx_word' id='word_1_107' title='bbox 1347 1711 1552 1754; x_wconf 85' lang='lat' dir='ltr'><strong>rerum</strong></span> <span class='ocrx_word' id='word_1_108' title='bbox 1596 1702 1941 1756; x_wconf 82' lang='lat' dir='ltr'>versentur.</span> 
     </span>
    </p>
   </div>
   <div class='ocr_carea' id='block_1_2' title="bbox 2728 1814 2739 2518">
    <p class='ocr_par' dir='ltr' id='par_1_2' title="bbox 2728 1814 2739 2518">
     <span class='ocr_line' id='line_1_14' title="bbox 2728 1814 2739 2518; baseline 0 0"><span class='ocrx_word' id='word_1_109' title='bbox 2728 1814 2739 2518; x_wconf 95' lang='lat' dir='ltr'> </span> 
     </span>
    </p>
   </div>
  </div>
 </body>
</html>
