2792 4409
1440 234 1519 293 20

416 390 689 454 virerent
713 392 792 471 ⁸).
879 394 1070 456 Cibus
1115 410 1278 472 aegro
1321 394 1488 455 utilis
1531 395 1730 473 parari
1778 412 1898 456 non
1949 403 2210 480 poterat,
2258 398 2541 460 medicus

421 520 542 562 non
600 503 881 586 reperiri,
942 505 1043 581 qui
1092 504 1388 565 solaretur
1434 513 1493 565 et
1534 501 1806 582 tempora
1854 506 2024 564 tarde
2068 506 2331 569 labentia
2381 527 2538 570 nar·-

419 614 610 675 rando
657 615 909 696 falleret,
957 613 1157 674 nullus
1203 621 1332 675 erat
1357 613 1437 691 ⁹).
1521 615 1777 698 Lingua,
1829 615 2030 677 latinae
2072 618 2247 677 vocis
2296 621 2531 702 nescia,

415 724 556 799 plus
610 724 792 784 etiam
848 724 1117 784 habebat
1176 724 1370 784 Getici
1416 725 1549 785 soni
1595 741 1777 800 quam
1827 724 1987 801 Graji
2025 727 2091 804 Ι).
2182 730 2328 789 Haec
2375 733 2531 792 mala

416 834 634 894 Ovidio
692 850 764 894 eo
824 830 1169 895 molestiora
1225 841 1419 917 erant,
1468 852 1590 911 quo
1637 836 1833 913 magis
1878 836 2155 897 delicatae
2197 839 2341 899 vitae
2385 858 2534 900 om-

415 943 721 1020 nibusque
788 944 1202 1022 voluptatibus
1265 945 1632 1005 redundanti
1701 955 2079 1006 assueverat.
2182 948 2529 1032 ⁷'Languor,

412 1053 628 1136 inquit,
688 1071 915 1132 corpus
971 1056 1175 1137 habet,
1236 1055 1540 1114 insomnia
1598 1062 1843 1137 vexant,
1892 1057 2124 1117 macies
2169 1075 2311 1118 ossa
2357 1061 2527 1141 tegit,

410 1163 580 1224 vires
646 1163 957 1245 deficiunt,
1027 1180 1202 1224 mens
1269 1164 1452 1225 etiam
1521 1183 1681 1242 aegra
1729 1166 1858 1226 est’⁷
1887 1166 1964 1242 ²).
2050 1168 2360 1228 Interdum
2406 1170 2528 1229 vita

408 1273 544 1355 ipsa
603 1282 727 1333 tam
784 1272 982 1336 invisa
1037 1282 1188 1356 erat,
1246 1284 1311 1335 ut
1367 1277 1444 1336 de
1501 1278 1744 1337 Caesare
1790 1285 2165 1357 quereretur,
2212 1280 2372 1353 quod
2420 1280 2524 1338 of·-

410 1386 638 1449 sensas.
664 1401 811 1444 suas
857 1401 1006 1445 ense
1051 1403 1170 1446 non
1218 1386 1597 1447 vindicasset
1624 1386 1699 1463 ³).
1768 1390 1975 1463 ltaque
2010 1405 2127 1448 non
2156 1386 2519 1469 mirandum,

409 1494 597 1574 quod,
656 1512 844 1571 quum
903 1513 1077 1574 spem
1135 1497 1366 1557 reditus
1424 1497 1762 1579 amisisset,
1801 1515 1833 1557 a
1881 1498 2124 1558 Caesare
2179 1515 2299 1557 non
2345 1497 2522 1558 desi-

408 1614 580 1666 neret
623 1624 820 1689 orare,
871 1614 934 1666 ut
975 1614 1135 1667 terra
1180 1608 1449 1684 propior,
1500 1607 1721 1689 mitior,
1760 1607 2028 1684 nullique
2066 1608 2220 1668 bello
2262 1607 2523 1668 obnoxia

408 1716 525 1776 sibi
593 1716 668 1776 ad
728 1694 1007 1776 exsilium
1067 1718 1334 1778 daretur.
1434 1718 1684 1777 Talibus
1738 1718 2030 1795 precibus
2088 1719 2327 1777 refertae
2380 1722 2524 1776 sunt

405 1826 680 1904 epistolae
725 1844 760 1886 a
812 1829 1003 1888 Ponto
1071 1827 1292 1887 missae.
1404 1827 1663 1888 ”Omnis
1719 1835 1902 1911 terra,
1959 1828 2175 1909 inquit,
2234 1829 2355 1888 hac
2413 1827 2528 1886 erit

404 1936 650 2013 gratior.
712 1928 788 1995 ‘In
838 1937 1052 2014 Syrtes
1098 1938 1355 2020 mediaS,
1405 1938 1463 1997 in
1514 1938 1894 2020 Charybdin,
1946 1938 2004 1997 in
2052 1939 2265 2019 Styga,
2313 1938 2373 1997 in
2419 1937 2524 1996 lo-

405 2063 569 2129 cum,
617 2048 669 2107 si
715 2046 817 2123 qui
863 2047 961 2127 sit,
1009 2049 1201 2125 Styge
1234 2048 1583 2108 inferiorem
1621 2048 1879 2108 libenter
1912 2047 2311 2127 descendam,
2341 2047 2523 2106 modo

401 2156 546 2217 mihi
602 2157 783 2217 liceat
840 2159 993 2220 Istro
1053 2159 1258 2219 abire”
1285 2157 1364 2232 ⁴).
1464 2158 1627 2218 Talia
1686 2175 1875 2234 quum
1921 2158 2110 2217 verba
2157 2157 2519 2238 effunderet,

401 2268 840 2329 succensuisse
907 2286 1367 2345 nonnumquam
1434 2270 1614 2329 docet
1685 2267 1956 2328 Tomitas
1982 2266 2072 2351 ⁶),
2148 2268 2521 2344 quibuscum

399 2385 602 2439 tamen
671 2379 820 2439 satis
853 2371 1046 2438 'hene
1105 2378 1484 2438 concordare
1541 2379 1795 2440 solebat.
1893 2378 1939 2438 Ii
1984 2378 2267 2437 videntur
2310 2377 2518 2457 etiam,

401 2489 478 2548 de
531 2489 663 2548 viro
712 2479 887 2550 'claro
933 2487 1284 2569 glorianteS,
1333 2489 1536 2549 omnia
1585 2490 1828 2571 fecisse,
1876 2504 2015 2564 quae
2059 2487 2135 2546 ad
2183 2485 2341 2546 mala
2386 2482 2521 2560 ejus

393 2599 679 2659 lenienda
745 2599 1023 2659 valerent
1049 2597 1127 2673 ⁶).
1220 2598 1295 2656 Et
1350 2614 1576 2656 corona
1635 2614 1777 2656 eum
1833 2597 2220 2655 donaverunt
2273 2601 2332 2655 et
2385 2595 2518 2653 irn-

397 2710 712 2791 munitate,
771 2709 873 2785 qui
930 2710 1126 2768 honos
1184 2707 1236 2766 ei
1283 2707 1417 2789 soli,
1466 2707 1741 2785 exceptis
1787 2705 2266 2788 magistratibuS,
2314 2705 2410 2765 his
2454 2704 2516 2763 in

392 2820 518 2881 oris
572 2819 758 2878 datus
817 2827 912 2880 est
937 2817 1018 2894 ⁷).
1117 2820 1322 2890 Quare
1365 2820 1593 2879 Tomos
1639 2818 1722 2878 ait
1765 2818 1880 2878 sibi
1930 2833 2105 2892 aeque
2151 2830 2327 2873 caros
2376 2827 2519 2869 esse

390 2948 464 2991 ac
512 2930 700 2990 Delon
757 2930 1028 3010 Latonae,
1087 2930 1248 3008 quod
1298 2929 1417 2989 sibi
1463 2930 1668 3004 fugato
1714 2926 2058 3004 perfugium
2109 2939 2228 2981 non
2276 2935 2511 2997 negas-

388 3049 526 3102 sent
552 3040 628 3117 8).
716 3040 889 3099 Initio
937 3057 1077 3099 cum
1125 3048 1306 3116 gente
1353 3040 1475 3098 fera
1527 3037 1685 3096 nulla
1730 3036 1979 3096 omnino
2018 3036 2288 3096 habebat
2325 3050 2509 3094 com-

390 3153 621 3214 mercia
676 3152 901 3229 linguae
927 3151 1006 3233 ⁹),
1069 3156 1285 3228 postea
1340 3156 1547 3208 autem
1603 3155 1663 3207 et
1717 3166 1824 3208 eos
1881 3156 1940 3207 et
1983 3148 2252 3225 linguam
2298 3160 2509 3204 eorum

386 3261 469 3323 ita
525 3264 681 3324 bene
739 3265 896 3323 ferre
951 3267 1213 3343 poterat,
1272 3268 1339 3322 ut
1393 3276 1612 3319 versus
1658 3276 1945 3319 sermone
1990 3274 2201 3318 eorum
2247 3253 2511 3329 scriptos

385 3373 463 3432 iis
505 3374 792 3433 recitaret
822 3373 896 3454 ¹).
986 3373 1052 3431 In
1099 3370 1429 3431 scribendo
1477 3369 1758 3428 solatium
1806 3385 2089 3443 quaerens
2135 3367 2324 3425 Musae
2361 3378 2511 3439 gra-

526 3595 575 3657 v)
616 3597 637 3644 l
681 3594 777 3659 Ep.
823 3595 902 3645 111:
954 3593 1177 3643 54-56,
1302 3590 1352 3655 ⁹)
1386 3591 1426 3640 —3
1461 3587 1613 3638 Trist.
1661 3589 1738 3638 111:
1779 3587 1983 3662 9³12..
2103 3584 2150 3642 ¹)
2190 3587 2221 3635 5
2258 3584 2411 3634 Trist.
2448 3582 2507 3632 11:

384 3685 468 3749 67,
508 3683 591 3733 68.
664 3679 716 3746 ²)
757 3677 786 3729 3
823 3680 975 3728 Trist.
1013 3677 1137 3728 vm:
1180 3677 1247 3725 25
1287 3688 1409 3738 sqq.
1485 3674 1540 3736 ³)
1577 3675 1607 3724 3
1635 3674 1785 3723 Trist.
1826 3672 1949 3724 vlu:
1994 3673 2078 3737 39,
2121 3671 2205 3720 40.
2278 3670 2325 3729 ⁴)
2359 3668 2507 3731 4Ep.

380 3769 512 3821 xlv:
552 3765 741 3818 5-44,
852 3764 901 3823 ⁵)
937 3764 968 3814 4
1006 3763 1106 3828 Ep.
1144 3762 1275 3813 XIV:
1319 3763 1402 3811 ⁴5.
1488 3761 1535 3822 ο)
1574 3758 1606 3810 4
1643 3760 1737 3824 Ep.
1777 3759 1904 3810 X1V:
1946 3757 2170 3809 47—50.
2255 3755 2302 3816 τ)
2343 3755 2374 3805 4
2409 3754 2506 3819 Ep.

379 3856 467 3907 lx:
521 3856 638 3919 ⁴0¹,
691 3853 818 3915 ⁴0²3
874 3849 1003 3900 xlv:
1053 3850 1275 3899 est—56.
1388 3847 1441 3911 Θ)
1481 3845 1512 3895 4
1546 3846 1642 3913 Ep.
1689 3843 1817 3896 xlv:
1857 3835 2082 3895 57-60',
2191 3843 2242 3905 ⁹)
2285 3843 2315 3892 3
2352 3841 2506 3891 'rr-ist.

390 3944 477 3999 XI:
520 3946 572 3993 9.
677 3937 735 4002 -¹)
773 3937 804 3987 4
840 3937 935 4003 Ep.
973 3936 1102 3988 xm:
1145 3936 1367 3985 47-22.
