2792 4409
1413 187 1494 245 38

396 368 613 429 spersa
671 350 944 409 membra
1007 350 1439 428 mythograpbi
1486 350 1894 411 inveniuntur.
1984 352 2319 428 Perpaucae
2376 363 2521 415 sunt

399 461 642 543 fabulae,
714 477 870 537 quas
937 462 1099 537 apud
1158 460 1387 520 nullum
1448 462 1811 539 scriptorem
1873 462 2158 523 Graecum
2204 463 2517 540 potuimus

400 573 687 650 reperire.
773 573 838 631 In
889 571 985 631 his
1030 571 1361 649 perpaucis
1408 580 1551 634 sunt
1594 579 1796 632 tamen
1844 571 2236 633 suavissimae
2279 572 2395 635 inae
2439 575 2517 636 de

377 685 654 761 Pyramo
720 689 781 742 et
845 681 1074 740 Thisbe
1137 689 1321 780 atque
1385 683 1464 742 de
1515 683 1867 743 Philemone
1920 688 1981 742 et
2031 683 2322 778 Baucide.
2421 687 2516 746 Ab

399 793 737 871 aequalibus
783 794 1096 875 Romanis,
1153 794 1455 872 imprimis
1499 793 1763 872 Vergilio
1792 791 1846 869 3)
1896 792 2181 853 nonnulla
2231 796 2515 873 sumpsit.

565 906 629 964 ln
690 903 1089 964 conficiendis
1146 904 1242 964 his
1299 904 1492 986 libris,
1545 921 1700 981 quos
1746 901 2025 964 carmina
2063 913 2335 965 mutatas
2360 904 2517 990 for-

399 1037 538 1077 mas
582 1034 632 1077 s,
678 1035 858 1077 versa
899 1034 1166 1097 corpora
1201 1013 1465 1076 dicentia
1499 1033 1549 1075 s,
1588 1012 1900 1076 volumina
1920 1023 2171 1076 mutata
2190 1014 2429 1099 formoe
2453 1015 2516 1093 ⁴)

403 1128 537 1206 ipse
594 1127 939 1209 appellavit,
999 1125 1285 1186 Ovidium
1333 1126 1701 1187 arbitramur
1747 1125 2097 1203 complures
2139 1143 2251 1204 per
2294 1145 2515 1211 annoS,

405 1241 547 1299 dum
597 1242 808 1300 Romae
852 1239 1107 1320 viveret,
1155 1243 1466 1297 versatum
1518 1236 1728 1297 fuisse.
1775 1236 1839 1296 ld
1887 1244 2053 1297 certe
2099 1245 2363 1322 constat,
2399 1240 2518 1300 hoc

404 1368 545 1411 eum
615 1366 802 1426 opere
867 1351 1058 1409 fuisse
1119 1356 1491 1425 occupatum
1556 1355 1738 1428 tunc,
1808 1364 1996 1423 quum
2040 1349 2254 1412 ,iratus
2309 1350 2518 1411 Caesar
2621 1359 2626 1364 ’

404 1466 594 1525 Roma
641 1480 781 1523 eum
821 1460 1063 1539 juberet
1106 1459 1428 1519 excedere.
1516 1460 1604 1518 De
1647 1474 1770 1534 quo
1813 1458 1979 1536 ipse:

655 1572 941 1635 Carmina
986 1576 1249 1631 mutatas
1293 1570 1608 1630 hominum
1657 1568 1921 1630 dicentia
1968 1570 2218 1653 formaS,

654 1684 866 1745 Infelix
912 1682 1138 1742 domini
1186 1682 1347 1757 quod
1397 1682 1534 1759 fuga
1582 1681 1743 1758 rupit
1784 1697 1941 1759 opus
1968 1679 2048 1758 ³).

404 1801 552 1859 Item
611 1813 679 1857 se
732 1796 837 1876 ait,
895 1793 989 1852 vel
1047 1792 1207 1869 quod
1265 1793 1472 1852 Musas
1517 1792 1772 1873 odisset,
1819 1791 1914 1851 vel
1959 1792 2120 1868 quod
2171 1794 2321 1854 rude
2366 1812 2515 1855 car-

406 1926 545 1969 men
603 1914 790 1987 esset,
848 1903 1185 1963 immeritos
1239 1902 1475 1962 libellos
1532 1903 1697 1980 rogis
1751 1902 2143 1980 imposuisse.
2243 1906 2368 1964 Hos
2409 1912 2518 1965 ta·-

408 2038 573 2102 rnen,
620 2018 846 2095 quippe
891 2014 993 2094 qui
1041 2012 1319 2099 pluribus
1366 2014 1662 2092 exemplis
1718 2013 1928 2090 scripti
1975 2021 2205 2095 essent,
2253 2031 2517 2075 conser-

405 2138 580 2190 vatos
637 2136 847 2206 postea
909 2144 1049 2187 cum
1106 2124 1327 2203 gaudio
1387 2131 1612 2206 narrat,
1673 2124 2167 2185 animadvertens
2212 2142 2516 2187 summam

403 2242 479 2301 iis
527 2257 773 2300 manum
825 2239 1070 2319 abesse,
1117 2241 1180 2296 et
1221 2253 1311 2318 se,
1360 2236 1411 2295 si
1457 2236 1752 2318 licuisset,
1800 2234 2096 2312 quidquid
2141 2235 2267 2294 vitii
2315 2236 2517 2297 habe-

406 2359 539 2413 rent
584 2350 1050 2412 emendaturum
1099 2346 1288 2406 fuisse
1312 2347 1395 2422 ⁶).
1452 2359 1466 2374 ⁰

489 2549 545 2606 2.
635 2540 970 2605 Fastorum
1024 2539 1208 2603 Libri
1261 2537 1374 2602 VI.

571 2687 703 2745 ,lam
752 2702 785 2743 a
826 2684 1023 2744 Numa
1085 2680 1375 2758 Pompilio
1422 2679 1500 2740 ita
1549 2678 1887 2738 institutum
1933 2686 2085 2759 erat,
2135 2686 2198 2737 ut
2241 2676 2337 2737 alii
2386 2677 2516 2738 dies

405 2805 612 2861 essent
637 2792 806 2881 fasti
846 2793 1100 2870 (quibus
1146 2791 1279 2868 fari,
1325 2790 1435 2849 tria
1483 2789 1577 2849 illa
1625 2788 1810 2848 verba
1861 2788 2001 2865 ”do,
2049 2787 2210 2870 dioc,
2259 2786 2513 2848 addico„

403 2908 627 2991 eloqui,
684 2922 821 2966 cum
881 2902 1104 2982 populo
1156 2919 1339 2979 agere
1399 2901 1662 2982 liceret),
1722 2899 1815 2959 alii
1872 2896 2097 2982 nffasti
2118 2896 2198 2973 ⁷).
2312 2898 2511 2960 Additi

403 3029 547 3083 sunt
599 3024 811 3096 postea
868 3011 1157 3088 intercisi,
1214 3028 1476 3089 quorum
1534 3011 1719 3072 altera
1780 3025 1924 3086 pars
1971 3009 2028 3068 in
2077 3009 2288 3092 priori,
2333 3009 2515 3070 altera

400 3132 460 3192 in
508 3125 827 3207 posteriori
875 3139 1099 3200 genere
1144 3123 1485 3183 habebatur
1509 3120 1587 3199 ⁸).
1680 3121 1948 3181 Labente
1991 3128 2267 3197 tempore
2309 3119 2518 3200 fiebat,

401 3252 470 3304 ut
511 3240 736 3303 tabulae
782 3236 916 3316 illae,
965 3233 1190 3310 quibus
1228 3234 1641 3294 contineretur
1673 3231 1860 3317 index
1893 3230 2152 3312 dierum,
2180 3226 2350 3313 fasti
2392 3245 2517 3288 no-

404 3354 797 3416 minarentur.
896 3347 1064 3419 Quas
1119 3344 1195 3405 ad
1253 3344 1495 3406 tabulas
1552 3342 1869 3419 diligenter
1940 3340 2285 3402 reconditas
2338 3338 2517 3417 plebs

406 3480 436 3522 a
505 3461 784 3539 patribus
851 3476 971 3519 non
1039 3454 1472 3517 admittebatur
1499 3453 1589 3536 ⁹),
1659 3452 1857 3512 donec
1920 3451 2163 3512 Flavius
2231 3449 2515 3529 quidam,

542 3666 595 3734 ⁸)
629 3661 724 3715 Ex.
764 3665 830 3715 de
866 3658 1203 3729 Polyphemo,
1242 3657 1309 3710 de
1345 3654 1539 3708 itinere
1573 3653 1782 3716 dinem,
1819 3655 1886 3707 de
1924 3649 2314 3705 Achaemenide.
2399 3650 2451 3718 ⁴)
2491 3651 2511 3699 4

401 3753 553 3806 Trist.
590 3752 692 3803 Vll:
730 3750 819 3814 ⁴33
857 3749 900 3799 11
934 3750 1090 3799 Trist.
1128 3744 1222 3811 643
1259 3744 1323 3796 111
1360 3745 1512 3795 Trist.
1553 3741 1682 3794 xlv:
1725 3744 1806 3793 49.
1940 3741 1988 3804 ⁶)
2030 3743 2049 3792 4
2098 3741 2248 3792 Trist.
2288 3738 2392 3791 vn:
2437 3738 2519 3803 43,

402 3839 484 3891 44.
596 3839 644 3894 ⁶)
687 3840 708 3887 4
750 3835 906 3887 Trist.
943 3835 1046 3886 Vll:
1090 3831 1321 3896 ⁴3—403
1359 3832 1390 3882 3
1428 3830 1576 3881 Trist.
1616 3828 1747 3880 XIV:
1790 3825 2013 3880 til—24.
2128 3827 2173 3887 ¹)
2211 3826 2318 3877 Liv.
2354 3826 2393 3877 1:
2432 3825 2518 3874 49.

401 3926 453 3990 ⁰)
494 3926 631 3977 Fast.
673 3925 710 3974 1:
748 3921 970 3973 47-52,
1080 3922 1131 3984 ⁹)
1169 3920 1277 3971 Liv.
1315 3918 1395 3969 IV:
1436 3919 1485 3969 3.
