2792 4409
1339 198 1418 258 45

489 366 697 425 Genus
761 327 1097 444 scribendi,
1166 379 1286 438 quo
1357 362 1455 423 his
1509 362 1568 422 in
1625 361 1836 441 elegiis
1891 362 2102 444 utitur,
2150 363 2435 427 festivum

319 492 469 535 sane
515 483 628 557 est,
679 475 966 556 facetum,
1013 473 1422 557 ingeniosum,
1471 475 1578 534 sed
1627 473 1804 534 molle
1840 474 2045 555 etiam,
2081 474 2434 558 delicatum,

320 587 640 646 lascivum.
736 584 952 645 Multas
998 585 1286 645 orationis
1331 592 1581 663 propter
1624 583 2044 645 excellentiam
2089 585 2435 671 admireriS,

322 705 571 775 propter
615 694 929 755 lasciviam
977 695 1348 772 asperneris,
1441 697 1673 756 Parvus
1718 702 1813 755 est
1857 712 2153 756 numerus
2197 713 2434 781 earum,

321 824 476 884 quas
524 815 584 866 et
626 805 975 884 praestantia
1022 807 1325 866 sermonis
1370 815 1430 866 et
1474 806 1723 867 castitas
1758 822 1880 865 una
1917 822 2072 867 voce
2105 823 2435 868 commen-

319 918 481 979 dant.
540 917 719 978 Tales
765 924 909 976 sunt
953 924 1151 976 tamen
1199 915 1274 976 el.
1321 917 1379 976 in
1427 915 1676 977 livorem
1713 916 1785 992 ¹),
1834 917 1911 975 de
1953 917 2213 997 psittaco
2259 936 2436 981 mor-

315 1034 421 1090 tuo
445 1028 530 1111 2),
577 1029 655 1088 de
698 1027 914 1089 Tibulli
963 1032 1157 1087 morte
1183 1026 1261 1103 ³).

484 1140 548 1198 ln
599 1140 714 1198 hoc
760 1154 986 1215 genere
1029 1138 1236 1215 poesis
1280 1147 1709 1198 antecessores
1742 1138 1958 1199 habuit
1990 1138 2150 1198 inter
2183 1139 2435 1200 Graecos

325 1249 761 1310 Callimachum
811 1256 869 1307 et
912 1247 1201 1314 Philetam
1228 1246 1308 1329 ⁴),
1357 1247 1513 1308 inter
1557 1265 1703 1308 suos
1749 1249 2069 1332 Catullum,
2106 1250 2433 1333 Tibullum,

323 1360 723 1438 Propertium.
816 1360 1091 1430 Quorum
1138 1358 1447 1422 neminem
1492 1358 1763 1420 imitatus
1808 1376 1970 1443 esse,
2016 1361 2244 1422 nemini
2290 1360 2437 1421 nihil

322 1471 550 1531 debere
592 1486 737 1531 vere
780 1469 900 1529 dici
946 1474 1167 1547 potest.

490 1581 666 1652 Quod
713 1597 781 1640 se
825 1581 906 1641 ait
952 1580 1224 1641 carmina
1271 1579 1556 1656 quaedam
1605 1578 1896 1657 juvenilia
1944 1582 2134 1644 barba
2180 1583 2279 1645 bis
2321 1600 2436 1646 se·-

264 1725 267 1728 ·
323 1691 521 1752 melve
587 1701 824 1752 resecta
892 1698 1151 1766 (annum
1221 1691 1368 1752 circ.
1439 1693 1803 1769 XX11mum)
1848 1693 2074 1771 populo
2119 1696 2437 1771 recitasse,

321 1822 391 1864 eo
449 1803 581 1865 sine
639 1802 826 1863 dubio
883 1801 1188 1879 significat
1242 1804 1471 1863 erotica
1499 1802 1577 1884 ε5).
1662 1804 1752 1864 El.
1799 1805 2049 1866 IX1nam
2093 1805 2228 1866 libri
2272 1808 2434 1868 luztii

322 1917 613 1992 scriptam
680 1929 820 1974 esse
883 1920 1139 1989 apparet
1193 1930 1248 1973 a.
1305 1914 1709 1996 DCCXXXV,
1770 1930 1890 1990 quo
1946 1932 2106 1975 anno
2162 1918 2437 1981 Tibullus

325 2033 578 2086 mortem
637 2025 803 2085 obiit.
902 2022 1004 2083 Bis
1061 2023 1299 2083 videtur
1354 2025 1467 2084 has
1524 2023 1753 2102 elegias
1811 2024 2101 2108 edidisse,
2157 2028 2331 2105 prius
2377 2031 2436 2091 in

323 2136 611 2218 quinque,
672 2134 893 2195 deinde
936 2134 994 2194 in
1041 2142 1168 2194 tres
1214 2133 1403 2193 libros
1448 2133 1735 2195 collectas
1763 2135 1840 2210 θ).
1945 2137 2184 2208 Quibus
2230 2147 2435 2201 autem

320 2248 496 2310 annis
562 2247 658 2306 hae
714 2245 1011 2305 editiones
1068 2246 1247 2305 factae
1301 2244 1424 2304 sint
1478 2261 1665 2319 quum
1721 2262 1833 2323 pro
1890 2253 2059 2306 certo
2116 2246 2435 2323 dijudicari

322 2356 422 2416 vix
487 2361 689 2435 queat,
747 2371 779 2414 a
839 2351 1220 2429 conjiciendo
1287 2354 1632 2438 abstineb0,
1700 2355 1820 2417 hoc
1885 2364 2087 2417 tamen
2145 2359 2437 2422 animad-

319 2473 589 2547 vertenS,
637 2471 962 2541 utramque
1006 2464 1333 2524 editionem
1391 2465 1477 2542 (si
1522 2465 1660 2526 duae
1705 2466 1978 2544 fuerunt)
2025 2474 2167 2527 ante
2210 2470 2437 2533 editam

320 2579 525 2638 Artem
571 2573 926 2637 amatoriam
952 2573 1036 2656 ⁷),
1094 2575 1249 2634 inter
1306 2591 1360 2635 a.
1417 2575 1798 2638 DCCXXXV
1841 2585 1902 2638 et
1942 2594 1999 2639 a.
2047 2578 2250 2640 DGCL
2296 2597 2438 2644 esse

316 2687 686 2765 ponendam.

402 2915 453 2974 3.
508 2910 804 2975 Tri-stium
847 2907 991 2972 libri
1047 2905 1119 2969 V.
1169 2919 1222 2972 et

403 3024 457 3082 4.
511 3019 942 3104 Epistolarum
985 3040 1058 3084 ex
1101 3019 1306 3083 Ponto
1350 3016 1499 3081 libri
1538 3014 1587 3078 I
1598 3014 1669 3080 V.

487 3132 579 3191 Ex
623 3132 717 3191 his
763 3130 934 3191 libris
977 3129 1654 3207 threnetico-elegiacis
1698 3129 1756 3190 in
1805 3130 1928 3191 vita
1952 3131 2215 3193 Nasonis
2240 3150 2434 3194 enar-

315 3313 417 3363 licb
461 3315 531 3364 ist
575 3315 703 3365 alles
754 3313 925 3364 selbst
972 3314 1155 3378 erlebt,
1209 3313 1293 3365 die
1339 3311 1650 3363 virtuositat
1700 3311 1796 3362 des
1834 3311 2074 3362 Dichters
2111 3312 2202 3363 bat
2239 3326 2297 3363 es
2334 3326 2438 3378 ge-

250 3461 257 3465 ,
314 3400 442 3450 wiss
481 3414 546 3451 an
584 3400 1161 3452 Phantasieeustuoken
1201 3400 1345 3450 nicht
1379 3397 1555 3449 fehlen
1595 3398 1822 3451 lassen”.
1959 3396 2010 3461 ¹)
2050 3401 2071 3448 ⁴
2116 3400 2290 3451 Amor.
2327 3397 2437 3452 XV.

312 3484 363 3546 2)
401 3485 432 3534 2
495 3487 670 3537 Amor.
725 3486 806 3537 Vl.
932 3485 980 3546 ³)
1019 3486 1051 3537 3
1103 3488 1278 3538 Amor.
1335 3485 1421 3536 IX.
1536 3482 1588 3549 ⁴)
1625 3486 1657 3535 2
1712 3486 1888 3538 Amor.
1939 3484 2021 3536 IV:
2079 3485 2162 3536 ⁴9.
2256 3484 2435 3549 Quint.

309 3571 476 3621 Instit.
527 3571 591 3621 X:
630 3572 666 3621 1:
709 3572 788 3621 58.
919 3570 968 3631 ⁵)
1007 3570 1037 3620 4
1076 3571 1231 3621 Trist.
1265 3571 1329 3622 X:
1368 3573 1593 3622 δᾶν-60.

382 3656 434 3719 ⁶)
472 3657 585 3707 Hoc
630 3657 950 3721 epigramma
988 3658 1265 3709 Amor-ibus
1301 3659 1584 3722 praemisit:

472 3771 477 3778 ‹
580 3742 680 3804 Qui
721 3740 880 3792 modo
917 3739 1142 3793 Nasonis
1181 3741 1449 3794 fueramus
1488 3743 1723 3809 quinque
1761 3742 1939 3808 libelli,

579 3829 707 3880 Tres
748 3839 932 3880 sumus
970 3864 1354 3881 ........

384 3917 434 3980 ⁷)
476 3917 583 3967 Art.
622 3916 735 3966 Am.
773 3913 852 3965 111:
894 3912 1013 3982 343,
1052 3913 1172 3967 344.
1243 3914 1345 3968 Gfr.
1389 3918 1423 3966 2
1461 3916 1636 3967 Amor.
1672 3913 1846 3966 xvm:
1888 3916 1971 3982 ⁴9,
2009 3916 2094 3966 20.
