2792 4409
1333 271 1404 330 51

316 448 517 501 turam
564 444 746 515 atque
789 434 1057 496 indolem
1103 434 1367 512 piscium
1416 441 1697 512 exponat.
1744 436 1808 496 In
1856 435 2222 518 fragmento,
2268 435 2434 514 quod

321 552 397 611 ad
455 555 725 610 nostram
784 553 1024 607 aetatem
1090 545 1278 627 venit,
1351 545 1594 607 circiter
1660 545 2098 623 quinquaginta
2167 563 2435 607 enume-

316 668 530 722 rantur
578 657 997 733 brevibusque
1038 656 1201 716 notis
1246 655 1701 719 describuntur.
1772 657 1876 718 Bis
1920 655 2102 735 hujus
2145 657 2435 718 carminis

318 769 541 832 mentio
586 768 653 830 fit
695 767 863 845 apud
901 766 1159 830 Plinium
1194 766 1271 844 ¹).
1641 772 1645 778 ’

402 963 460 1024 5.
546 957 701 1021 Ibis.

482 1101 594 1159 Est
655 1116 877 1177 poema
945 1097 1293 1180 satiricum,
1365 1114 1485 1173 quo
1552 1097 1817 1175 exagitat
1882 1097 2139 1159 Ovidius
2207 1106 2272 1159 et
2327 1101 2437 1160 fu-

12 1237 87 1266 „0
315 1217 470 1270 turae
511 1209 667 1287 pesti
714 1208 979 1268 devovet
1017 1207 1328 1272 hominem
1365 1207 1676 1283 quendam
1708 1207 1898 1268 Ibidis
1935 1208 2181 1269 nomine
2214 1208 2436 1289 desig-

319 1326 548 1380 natum.
626 1319 765 1379 Tria
810 1318 956 1377 huic
1000 1315 1265 1376 maxime
1310 1316 1661 1398 exprobrat,
1708 1334 1897 1377 unum
1946 1319 2107 1396 quod
2158 1337 2228 1380 se
2269 1323 2439 1382 rele-

319 1436 528 1506 gatum
592 1445 715 1492 non
781 1428 1010 1489 sineret
1074 1425 1470 1509 delitescere,
1549 1428 1660 1488 sed
1729 1427 2028 1490 calumnis
2104 1430 2436 1495 identidem

319 1546 570 1601 vexaret
589 1540 673 1621 2),
718 1539 976 1600 alterum
1019 1536 1185 1613 quod
1231 1532 1555 1613 conjugem
1582 1553 1757 1598 suam
1793 1537 2145 1599 sollicitaret
2173 1538 2252 1622 ⁸),
2299 1547 2438 1601 ter-

321 1648 470 1708 tium
537 1648 698 1724 quod
765 1647 989 1725 opibus
1052 1646 1183 1706 suis
1246 1644 1508 1708 inhiaret
1527 1645 1608 1723 4).
1714 1646 1940 1709 Tribus
1999 1649 2181 1709 etiam
2237 1650 2440 1711 modis

321 1758 493 1820 virus
558 1757 911 1820 acerbitatis
975 1757 1034 1818 in
1093 1755 1259 1817 illum
1315 1755 1591 1817 effundit.
1689 1757 1959 1818 Primum
2014 1759 2242 1842 omnia,
2299 1776 2445 1836 quae

321 1868 451 1928 fieri
496 1883 616 1930 non
660 1867 924 1949 possint,
970 1873 1112 1928 ante
1155 1867 1353 1927 futura
1413 1870 1694 1954 astu-mat,
1741 1884 1924 1945 quam
1968 1885 2090 1947 pax
2132 1868 2250 1929 sibi
2296 1885 2446 1931 cum

322 1978 419 2039 illo
473 1978 673 2056 possit
722 1977 1039 2039 conciliari
1063 1977 1145 2059 ⁶),
1204 1978 1429 2040 deinde
1485 1979 1634 2040 diris
1688 1979 2014 2040 horrendis
2058 1997 2199 2042 eum
2244 1966 2437 2042 exse-

322 2095 531 2151 cratur
553 2087 637 2170 ⁶),
678 2095 811 2149 tum
852 2088 1135 2165 exempla
1174 2089 1452 2168 ‘omnium
1499 2090 1912 2151 calamitatum
1948 2107 2024 2151 ex
2060 2091 2440 2170 mythologia

323 2206 506 2278 atque
548 2198 798 2260 historia
846 2204 1090 2275 sumpta
1138 2206 1206 2259 ut
1246 2200 1308 2260 in
1354 2200 1486 2261 lbin
1534 2207 1853 2261 recurrant
1893 2200 2235 2262 vaticinans
2278 2218 2435 2279 pre-

324 2316 494 2369 catur
516 2306 594 2382 7).
681 2307 833 2380 Quis
887 2309 1070 2368 homo
1126 2304 1228 2369 ille
1282 2310 1407 2371 Ibis
1465 2311 1668 2393 fuerit,
1724 2310 1999 2371 nondum
2043 2310 2241 2390 potuit
2284 2311 2435 2372 satis

322 2418 667 2498 explorari..·
749 2419 865 2479 Alii
919 2419 1227 2497 Hyginum
1282 2419 1773 2503 grammaticum,
1841 2438 2109 2497 quocum
2177 2420 2438 2481 Ovidius

324 2529 697 2591 familiariter
737 2528 1000 2612 vixerat,
1046 2527 1344 2606 suspicati
1389 2535 1555 2612 sunt,
1602 2529 1697 2591 alii
1744 2531 1894 2592 alios
1921 2529 1999 2604 ⁸).
2084 2532 2209 2592 Sed
2253 2547 2436 2591 nemo

321 2639 591 2700 rationes
633 2640 784 2701 satis
824 2638 1180 2718 probabiles
1223 2638 1299 2699 ad
1346 2640 1714 2701 sententiam
1748 2657 1924 2702 suam
1951 2641 2436 2702 confirmandam

325 2747 537 2810 attulit.

488 2859 553 2918 In
612 2859 731 2919 hoc
788 2858 1061 2919 carmine
1111 2894 1186 2906 -
1233 2860 1293 2920 id
1340 2859 1505 2938 quod
1570 2859 1981 2921 certissimum
2025 2867 2119 2921 est
2160 2897 2244 2906 -—
2286 2861 2439 2921 irni-

325 2972 487 3026 tatus
531 2977 626 3028 est
668 2968 926 3030 Ovidius
970 2969 1410 3031 Callimachum
1438 2957 1705 3045 ⁹).‘=Hic
1749 2968 1935 3051 enim,
1985 2969 2163 3047 cujus
2207 2971 2439 3048 scripta

327 3075 605 3151 quaedam
660 3077 1017 3156 Apollonius
1073 3079 1348 3140 Rhodius
1405 3096 1517 3157 pro
1569 3078 1705 3139 suis
1773 3078 2080 3162 ediderat,
2147 3079 2435 3141 versibus

10 3211 55 3250 f
325 3185 718 3247 mordacibus
762 3188 1025 3248 eundem
1071 3187 1458 3265 Apollonium
1504 3189 1754 3267 agitavit
1778 3206 2123 3266 nomenque
2155 3189 2343 3249 Ibidis
2379 3190 2435 3251 ei

468 3459 518 3527 ι)
559 3461 690 3512 Hist.
735 3462 853 3513 Nat.
899 3463 988 3513 lib.
1034 3462 1239 3513 xxxn:
1289 3474 1334 3512 c.
1369 3462 1424 3512 2.
1497 3459 1646 3513 ”Mihi
1683 3460 1927 3511 videntur
1963 3460 2107 3523 mira,
2146 3471 2267 3523 quae
2305 3457 2440 3510 Ovi-

325 3547 440 3598 dius
488 3547 720 3612 prodidit
764 3548 986 3612 piscium
1033 3549 1236 3614 ingenia
1285 3548 1336 3597 in
1385 3558 1449 3597 eo
1488 3546 1771 3612 volumine,
1809 3545 1952 3611 quod
1988 3544 2311 3597 Halieuticon
2349 3545 2441 3596 in-

323 3631 613 3685 scribitur.”
683 3632 884 3684 Eodem
929 3634 1061 3685 libro
1112 3647 1228 3699 cap.
1266 3633 1474 3686 ultimo:
1515 3631 1633 3684 ”His
1671 3631 1976 3696 adjiciemus
2015 3631 2158 3696 apud
2195 3631 2442 3683 Ovidium

324 3718 497 3782 posita
543 3718 775 3783 nomina,
822 3732 944 3783 quae
991 3720 1133 3784 apud
1169 3720 1434 3771 neminem
1472 3717 1629 3769 alium
1664 3718 2021 3782 reperiuntur3
2069 3717 2165 3769 sed
2201 3716 2445 3769 fortassis

322 3802 376 3852 in
412 3804 584 3855 Ponto
621 3803 957 3856 nascuntur.”
1057 3804 1107 3867 ²)
1144 3819 1193 3856 v.
1234 3802 1456 3855 ill—44.
1564 3803 1614 3868 ⁸)
1650 3818 1702 3854 v.
1741 3805 1824 3868 ⁴5,
1865 3805 1946 3856 ⁴6.
2035 3803 2092 3866 ⁴)
2127 3818 2178 3854 v.
2218 3804 2443 3854 ⁴7—22.

331 3885 380 3948 ⁵)
419 3903 466 3938 v.
506 3887 729 3940 34—44.
849 3889 902 3954 ⁰)
941 3906 991 3940 v.
1031 3892 1290 3943 63—252.
1401 3890 1455 3954 ἲ)
1489 3905 1539 3941 v.
1576 3891 1682 3941 253
1716 3903 1836 3956 sqq.
1946 3888 1996 3955 ο)
2031 3889 2144 3942 Vid.
2182 3888 2446 3953 Salvagnii

325 3971 495 4025 Boesii
531 3989 813 4030 excursum
849 3977 902 4028 in
939 3977 1051 4029 ibin
1089 3990 1205 4044 cap.
1241 3978 1325 4030 iv.
1434 3977 1484 4041 ⁹)
1518 3991 1570 4029 v.
1608 3978 1835 4029 55—60.
