2792 4409
1297 205 1376 268 27

273 374 495 436 humili
563 381 759 450 atque
813 371 1028 436 odioso
1094 369 1374 436 adulatur
1401 368 1490 453 ³),
1557 371 1650 450 id,
1707 371 1758 432 si
1815 380 1874 436 et
1928 374 2214 435 miseram
2267 352 2397 452 ejus

278 484 718 547 condicionem
763 489 823 543 et
869 480 1376 543 consuetudinem
1439 481 1633 542 aetatis
1679 482 1999 565 respicias»,
2046 485 2097 543 ei
2146 485 2395 545 forsitan

280 597 596 673 ignoscas,
666 595 790 654 Hos
835 592 1162 654 identidem
1210 608 1492 675 superae,
1540 593 1653 652 hos
1696 602 2035 671 praesentes
2078 596 2229 655 deos
2274 612 2397 655 no-

280 706 497 770 minat.
598 706 815 766 Iovem
870 710 1073 764 autem
1130 711 1496 778 ceterosque
1551 702 1875 764 coelicolas
1919 723 2039 765 non
2088 704 2267 766 nimis
2310 705 2399 764 ti-

282 817 523 896 mebat3
581 832 690 874 eos
744 821 972 896 tamen,
1031 812 1171 889 quia
1228 813 1379 874 deos
1434 829 1574 874 esse
1630 814 1963 895 expediret,
2026 831 2165 875 esse
2208 822 2399 892 puta-

279 927 390 990 bat
411 925 494 1003 ⁴).
606 925 828 986 Verius
891 929 952 984 et
1015 922 1372 1000 praeclarius
1437 940 1619 999 quam
1686 923 1820 1000 ipse
1884 923 2203 1005 intellexit,
2279 925 2400 985 hoe

281 1036 597 1115 praecipit:
645 1034 949 1094 ”innocue
993 1033 1196 1110 vivite,
1245 1026 1475 1096 numen
1520 1032 1730 1092 adest⁷’
1760 1030 1836 1107 4).
1921 1034 2133 1094 Donec
2177 1050 2398 1111 sospes

287 1154 443 1228 erat,
491 1145 697 1222 gloriae
742 1160 884 1203 eum
929 1149 1114 1218 atque
1157 1141 1427 1206 nominis
1472 1142 1774 1220 cupiditas
1806 1144 2056 1204 tenebat
2079 1141 2176 1225 ⁸)3·
2216 1150 2400 1220 pest-

288 1273 473 1333 quam
532 1273 679 1315 vero
737 1253 1012 1313 fallacem
1067 1269 1241 1329 spem
1301 1250 1699 1328 fragilemque
1743 1254 2044 1314 fortunam
2087 1253 2398 1334 cognovit,

288 1366 654 1446 sententiam
710 1364 872 1422 illam
930 1362 1259 1439 exploratae
1311 1362 1584 1422 veritatis
1637 1362 2025 1440 praedicavit:
2086 1365 2241 1424 bene
2295 1363 2401 1440 qui

282 1476 478 1560 latuit,
525 1477 684 1538 bene
728 1473 877 1534 vixit
901 1473 980 1551 θ).
1073 1473 1196 1534 Sed
1239 1473 1316 1533 de
1361 1474 1482 1535 vita
1527 1473 1678 1535 satis
1723 1473 1850 1536 fere
1887 1471 2010 1550 jam
2057 1474 2345 1536 diximus,

1311 1654 1387 1726 H.

412 1811 769 1891 .Sequitur‚
839 1818 908 1870 ut
971 1811 1048 1871 de
1111 1809 1359 1887 scriptis
1428 1809 1630 1872 Ovidii
1689 1809 2124 1887 scribendique
2179 1828 2405 1889 genere

285 1939 534 1986 summa
582 1938 702 1997 qua
745 1929 957 1999 potero
1002 1921 1301 1984 brevitate
1342 1928 1525 1984 utens
1570 1921 1891 1982 disseram.

462 2031 527 2092 Si
584 2048 799 2092 verum
857 2039 952 2092 est
998 2031 1166 2107 -quod
1212 2048 1243 2090 a
1291 2031 1504 2107 peritis
1556 2031 2052 2094 animadversum
2109 2038 2223 2115 est,
2281 2032 2404 2093 duo

290 2141 608 2220 praecipue
653 2148 796 2201 sunt
840 2142 917 2224 ei,
975 2140 1079 2218 qui
1123 2156 1384 2217 magnus
1429 2149 1605 2218 poeta
1652 2142 1971 2223 habeatur,
2019 2143 2405 2203 necessaria:

292 2252 622 2314 instinctus
664 2250 911 2310 divinus
953 2250 1253 2311 insaniam
1299 2250 1463 2312 illam
1505 2258 1716 2312 vatum
1762 2251 2056 2331 officione,
2094 2267 2211 2327 qua
2245 2267 2405 2311 sen-

301 2360 521 2428 tentiae
564 2360 965 2441 gravissimas
1007 2359 1320 2435 verbaque
1363 2360 1775 2438 pulcherrima
1821 2360 1996 2437 quasi
2031 2361 2190 2422 dono
2224 2361 2406 2422 acci-

294 2471 492 2552 pium,
556 2478 740 2545 atque
795 2469 970 2549 ratio,
1039 2485 1176 2544 quae
1228 2469 1388 2530 illam
1447 2470 1777 2532 moderans
1830 2478 1889 2530 et
1933 2488 2154 2548 regens
2201 2471 2406 2530 comi-

296 2589 480 2646 tatur.
581 2580 753 2651 Quae.
789 2579 909 2639 duo
966 2579 1217 2646 si-inter
1275 2596 1343 2638 se
1399 2579 1480 2641 ita
1528 2577 1849 2657 coniuncta
1896 2587 2057 2664 sunt,
2104 2589 2170 2640 ut
2214 2582 2408 2640 neutri

296 2690 488 2756 altero
535 2688 855 2770 officiatur,
903 2687 1197 2765 praeclare
1241 2689 1469 2770 agitur3
1518 2690 1611 2752 sin
1647 2689 1873 2770 minus,
1907 2691 2211 2752 malumus
2248 2699 2413 2750 certe

292 2799 353 2860 in
400 2805 582 2876 poeta
625 2798 984 2860 instinctum
1036 2797 1385 2860 uberiorem
1443 2816 1629 2875 quam
1674 2799 1994 2862 rationem.
2083 2802 2160 2861 Ut
2201 2808 2409 2862 autem

298 2908 398 2970 vix
455 2908 662 2984 negari
719 2906 937 2989 possit,
984 2906 1043 2966 in
1089 2913 1212 2967 tota
1260 2914 1464 2967 mente
1506 2910 1781 2972 Romana
1825 2910 2118 2972 rationem
2163 2912 2409 2989 princi-

300 3024 508 3094 patum
554 3016 862 3094 quendam
919 3017 1191 3077 tenuisse
1237 3023 1296 3076 et
1337 3016 1654 3077 instinctui
1709 3025 2026 3097 poetarum
2071 3038 2239 3099 saepe
2283 3023 2409 3081 ob·-

296 3127 552 3208 stitisse‚
609 3127 702 3186 sic
757 3126 834 3187 de
886 3127 1129 3188 Nasone
1173 3127 1294 3185 hoc
1340 3126 1503 3194 nullo
1547 3130 1729 3190 modo
1775 3129 1896 3191 dici
1942 3138 2159 3209 potest.
2209 3132 2411 3191 ,Vere

301 3244 483 3298 natus
526 3244 660 3296 erat
700 3244 901 3318 poeta,
949 3253 1067 3295 non
1118 3236 1335 3296 factus,
1381 3237 1554 3300 Ratio
1601 3238 1845 3313 quidem
1890 3255 2136 3315 semper
2180 3239 2411 3323 aderat,

292 3347 411 3416 ,sed
461 3343 738 3422 subjecta
782 3345 1094 3407 instinctui
1139 3345 1369 3429 divim,
1406 3346 1509 3423 qui
1544 3346 1605 3407 in
1645 3346 1828 3429 nullo,
1865 3349 2073 3432 crede,
2112 3350 2414 3428 scriptore

301 3456 663 3534 praesentior
710 3455 977 3517 cernitur
1020 3473 1204 3534 quam
1250 3455 1310 3516 in
1359 3456 1598 3518 Ovidio.
1681 3456 1759 3520 At
1801 3464 1870 3516 ut
1911 3458 2030 3519 hoc
2072 3477 2287 3521 verum
2334 3460 2414 3521 sit

299 3601 382 3614 --
437 3567 601 3644 quod
657 3583 836 3628 nemo
893 3574 991 3627 eat
1045 3547 1281 3627 inficias
1321 3603 1407 3612 —-
1449 3575 1739 3645 quantam
1793 3569 2301 3646 opportunitatem
2346 3571 2406 3631 in

439 3836 492 3899 ³)
532 3834 626 3886 Ex.
680 3834 712 3883 2
767 3831 862 3897 Ep.
919 3833 1044 3885 VIII.
1170 3833 1222 3896 ⁴)
1259 3834 1289 3884 3
1331 3834 1507 3885 Amor.
1561 3833 1656 3898 1113
1712 3835 1732 3883 l
1794 3833 1902 3884 Art.
1957 3834 2069 3886 Am.
2114 3834 2407 3887 eal-642.

298 3922 353 3989 ⁶)
391 3924 413 3973 4
461 3920 614 3973 Trist.
652 3920 690 3972 1:
729 3920 815 3987 53,
852 3915 939 3971 54.
1045 3920 1099 3984 ⁶)
1138 3921 1168 3971 3
1206 3921 1355 3971 Trist.
1395 3919 1476 3972 IV:
1513 3922 1598 3971 25.
