2792 4409
1397 190 1477 252 26

383 359 626 409 summa
693 351 1016 414 sanctitate
1081 351 1548 415 administrabat
1576 353 1651 434 ¹).
1760 357 1909 420 Tota
1976 355 2100 420 vita
2165 365 2295 420 erat
2358 355 2506 422 sine

383 456 552 539 vitio,
621 459 754 521 sine
808 462 945 522 labe
968 463 1050 543 2),
1119 463 1317 526 donec
1371 463 1436 525 in
1481 465 1722 544 culpam
1768 464 1953 548 illam,
2001 484 2140 544 quae
2181 486 2353 530 error
2397 468 2504 531 vel

381 567 628 630 stultitia
695 568 898 649 petius
955 573 1331 636 nominanda
1385 582 1502 657 est,
1560 575 1790 638 incidit.
1892 578 2036 639 Fide
2089 585 2220 640 erat
2273 579 2500 641 incer-

382 684 582 759 rupta,
642 680 915 756 probatis
971 682 1269 766 moribus,
1327 686 1488 745 nuda
1546 686 1952 770 simplicitate,
2009 706 2319 766 purpureo
2366 706 2502 766 pu·-

382 788 535 849 dore
559 787 637 867 ³).
705 789 864 851 Vino
908 792 1227 869 epulisque
1272 812 1392 856 non
1438 794 1684 858 deditus
1725 804 1879 879 erat,
1927 799 2039 860 sed
2084 793 2276 860 solam
2315 816 2504 877 paene

378 913 603 973 aquam
683 899 933 963 bibebat
965 900 1046 976 4).
1166 900 1359 981 Negat
1432 904 1616 968 etiam
1681 905 1741 966 in
1808 906 2113 970 Venerem
2181 910 2363 970 nimis
2427 928 2504 974 se

387 1023 531 1068 esse
581 1026 956 1087 propensum
986 1011 1067 1095 ⁶),
1123 1019 1307 1089 atque
1360 1012 1565 1076 mores
1620 1032 1767 1080 suos
1824 1018 2075 1093 carmini
2124 1035 2266 1080 esse
2307 1018 2500 1082 simi-

384 1116 474 1177 les
501 1117 581 1194 ⁶).
703 1121 857 1182 Huic
929 1123 1276 1183 testimonio
1340 1140 1560 1201 parum
1631 1131 1836 1186 tamen
1904 1127 2298 1190 consentiunt
2360 1145 2506 1205 quae

385 1228 521 1288 aliis
564 1228 718 1289 locis
763 1230 840 1289 de
884 1248 954 1296 se
993 1230 1130 1309 ipso
1175 1234 1489 1296 memoriae
1530 1236 1813 1312 prodidit.
1892 1238 2100 1309 Quare
2141 1254 2330 1314 quum
2376 1255 2499 1299 ca—
2555 1243 2562 1252 ‘

384 1342 652 1404 stitatem
718 1339 850 1419 ejus
914 1341 1057 1403 vitae
1112 1360 1235 1403 non
1292 1344 1499 1421 magni
1555 1346 1956 1436 aestimemus,
2011 1347 2073 1409 id
2130 1347 2375 1408 forsitan
2435 1347 2493 1405 ei

387 1453 537 1514 dare
578 1467 937 1535 possumne,
995 1451 1049 1514 si
1092 1454 1170 1514 ad
1217 1471 1498 1516 normam
1543 1453 1701 1517 illius
1744 1456 1939 1520 aetatis
1977 1456 2350 1536 judicandus
2392 1454 2497 1541 sit,

390 1579 599 1626 mores
642 1559 775 1640 ejus
819 1580 941 1626 non
987 1563 1409 1644 nimis-fuisse
1449 1564 1817 1643 impudicos
1872 1552 2133 1646 Semper
2177 1576 2237 1630 et
2280 1566 2502 1645 cnjus-—

391 1673 484 1733 vis
527 1673 771 1749 generis
816 1673 1101 1738 mulieres
1142 1681 1235 1751 (et
1276 1674 1549 1752 virgines
1589 1684 1649 1740 et
1688 1676 1943 1760 nuptas]
1988 1679 2236 1742 amabat
2258 1677 2334 1762 ⁷).
2382 1678 2505 1752 Qui

394 1783 640 1845 vinculo
706 1784 1025 1862 sanguinis
1088 1784 1186 1848 vel
1249 1784 1536 1848 amicitiae
1600 1803 1740 1848 cum
1808 1804 1881 1847 eo
1939 1786 2248 1865 conjuncti
2306 1796 2502 1872 erant,

391 1911 502 1955 eos
556 1911 798 1954 summa
852 1894 1077 1972 pietate
1121 1894 1362 1955 colebat
1387 1894 1467 1969 Β).
1567 1896 1689 1957 Sed
1732 1905 1794 1956 ut
1842 1914 2050 1958 amore
2094 1904 2226 1960 erat
2267 1897 2509 1960 ardenti

394 2005 456 2066 in
503 2005 759 2086 amicOS,
805 2003 897 2066 sic
941 2004 1066 2064 acri
1112 2005 1250 2066 odio
1294 2003 1356 2066 in
1402 2003 1707 2067 inimicos,
1804 2007 1912 2070 Cui
1959 2008 2043 2067 rei
2088 2006 2316 2070 indicio
2360 2013 2513 2068 sunt

391 2122 456 2176 et
507 2115 618 2175 alia
677 2121 738 2173 et
770 2113 939 2192 ,dirae
989 2114 1106 2176 illae
1159 2114 1487 2176 horrendae
1529 2122 1722 2201 ‘atque
1765 2116 1895 2176 viro
1943 2117 2333 2194 magnanimo
2375 2132 2509 2194 pa·-

392 2242 528 2288 rum
574 2225 797 2305 dignae,
845 2240 1001 2301 quas
1042 2224 1103 2285 in
1145 2224 1300 2285 libro
1342 2225 1514 2286 Ibide
1557 2224 1910 2285 adversario
1958 2224 2224 2303 cuipiam
2259 2226 2510 2303 impre-

394 2342 591 2402 catur.
678 2334 959 2407 Quietem
1002 2333 1192 2408 animi
1218 2333 1300 2417 9),
1358 2351 1544 2411 quam
1590 2334 1912 2396 Graecinus
1955 2333 2205 2397 laudare
2247 2335 2513 2416 solebat,

397 2462 521 2506 non
583 2443 844 2506 eandem
909 2443 1173 2523 intelligo
1240 2461 1316 2507 ac
1367 2444 1859 2521 tranquillitatem
1914 2444 2517 2521 aequabilitatemque

398 2555 562 2637 vitae,
619 2554 729 2616 sed
783 2554 1117 2616 bonitatem
1171 2553 1333 2615 illam
1388 2561 1645 2636 naturae,
1702 2570 1843 2629 quae
1895 2555 2125 2616 nemini
2179 2559 2399 2618 noceat
2429 2553 2516 2635 1),

399 2665 515 2726 nisi
581 2664 685 2742 qui
749 2663 918 2741 prior
971 2663 1250 2742 injuriam
1306 2663 1592 2725 intulerit.
1680 2664 1905 2725 Contra
1949 2681 2019 2728 ea
2067 2665 2122 2726 ei
2166 2664 2515 2724 tribuamus

398 2791 661 2847 necesse
715 2782 809 2835 est
861 2774 1360 2857 inconstantiam,
1417 2772 1747 2857 levitatem,
1791 2774 2251 2853 impatientiam,
2300 2768 2512 2830 molli-

397 2884 697 2967 tudinem,
744 2892 994 2969 metum,
1040 2891 1262 2948 aestum
1306 2883 1494 2946 animi
1540 2883 1889 2964 omniaque,
1936 2899 2074 2958 quae
2115 2878 2337 2946 mentis
2370 2878 2513 2938 fer-

398 2996 562 3060 vidae
614 3001 678 3057 at
728 2992 985 3055 infirmae
1036 2995 1283 3074 propria
1338 2983 1745 3070 habentur‘2).
1838 2994 2047 3068 Neque
2088 2990 2150 3051 in
2194 2988 2517 3052 laboribus

399 3105 731 3169 tolerandis
784 3106 1137 3188 patientem,
1196 3121 1399 3181 neque
1441 3103 1501 3164 in
1549 3103 1757 3165 dolore
1800 3103 2051 3164 ferendo
2096 3100 2247 3162 satis
2292 3100 2515 3160 fortem

393 3233 465 3278 se
528 3216 881 3294 praestabat.
991 3214 1170 3286 Quod
1232 3214 1604 3296 Augustum,
1660 3213 1918 3295 Liviam,
1967 3211 2278 3273 Tiberium
2326 3208 2509 3270 modo

543 3466 594 3532 ι)
624 3471 658 3519 2
694 3469 847 3521 Trist.
886 3471 1110 3522 93-96,
1181 3468 1234 3537 ²)
1272 3470 1305 3520 2
1340 3468 1438 3534 Ep.
1472 3468 1577 3519 vn:
1614 3465 1707 3531 493
1745 3465 1776 3516 4
1814 3466 1910 3531 Ep.
1947 3464 2071 3516 vm:
2118 3466 2199 3530 49,
2236 3466 2320 3516 20.
2392 3463 2439 3523 ⁸)
2482 3463 2506 3513 4

400 3556 577 3607 Amor.
612 3556 693 3607 111:
735 3558 816 3623 43,
858 3555 938 3607 44.
1010 3555 1065 3619 ⁴¹)
1103 3558 1124 3607 4
1169 3556 1265 3621 Ep.
1301 3554 1361 3606 V:
1400 3553 1484 3620 45,
1530 3555 1602 3604 X:
1635 3555 1721 3619 29,
1759 3554 1842 3605 30.
1932 3552 1978 3614 ⁵)
2018 3554 2040 3603 4
2090 3554 2261 3603 Amor.
2299 3550 2380 3600 111:
2421 3550 2518 3612 ⁴53

398 3646 422 3694 4
467 3645 562 3709 Ep.
597 3642 663 3696 X:
702 3643 786 3694 33.
859 3643 913 3706 ⁶)
949 3644 982 3696 2
1019 3642 1170 3693 Trist.
1210 3643 1329 3707 353,
1365 3640 1484 3698 354.
1560 3640 1611 3704 ⁷)
1650 3642 1672 3691 4
1707 3643 1882 3693 Amor.
1902 3640 1993 3704 IV·,
2030 3641 2062 3692 2
2086 3639 2262 3691 Amor,
2283 3637 2345 3687 IV
2367 3635 2518 3702 (40),

396 3732 484 3797 ΙΧ,
521 3729 658 3796 ΧΙΧ,
696 3730 726 3780 3
763 3732 938 3784 Amor.
973 3730 1072 3793 IX3
1107 3729 1254 3781 Rem.
1290 3730 1465 3781 Amor.
1502 3744 1553 3779 v.
1591 3730 1641 3792 7,
1680 3728 1728 3779 8.
1829 3727 1882 3795 ⁸)
1921 3728 1943 3777 4
1988 3726 2139 3777 Trist.
2175 3725 2257 3775 111:
2297 3724 2380 3789 63,
2421 3724 2521 3787 663

401 3819 434 3870 4
470 3818 620 3870 Trist.
656 3819 724 3871 X:
763 3817 848 3885 34,
885 3817 970 3883 32,
1009 3817 1231 3868 77-92,
1305 3813 1359 3878 ⁹)
1397 3813 1434 3866 4.
1463 3814 1559 3880 Ep.
1595 3812 1682 3868 IX:
1720 3815 1805 3864 94.
1881 3812 1933 3880 ¹)
1969 3811 2000 3862 4
2036 3812 2131 3877 Ep.
2166 3810 2253 3861 IX:
2292 3809 2524 3860 93-96.

398 3906 455 3971 2)
496 3904 528 3957 4
565 3904 716 3958 Trist.
750 3904 816 3956 X:
855 3904 940 3971 65,
978 3904 1071 3967 663
1110 3904 1132 3953 4
1176 3903 1271 3969 Ep.
1307 3902 1388 3953 111:
1426 3900 1648 3952 25-32,
