2792 4409
1337 195 1415 256 43

492 356 671 429 Quod
716 354 976 417 Ovidius
1020 356 1155 436 ipse
1199 357 1283 417 ait
1323 357 1444 418 hoc
1486 374 1647 437 opus
1675 375 1714 419 a
1738 376 1807 420 se
1849 366 2138 422 novatum
2183 375 2327 420 esse
2350 356 2436 441 ⁶),

328 468 448 529 hoc
493 467 944 527 defendendum
990 467 1232 549 yidetur
1276 484 1477 545 neque
1519 468 1596 531 iis
1630 470 2112 552 assentiendum,
2149 469 2251 546 qui
2276 470 2437 531 duce

248 611 255 617 ·
328 581 393 640 P.
438 578 861 640 Burman‘no
907 578 1182 640 seeundo
1227 578 1301 639 ad
1347 578 1746 640 imitationem
1790 580 2110 663 Propertii,
2161 578 2436 642 auctoris

328 689 600 768 epistolae
650 689 973 751 Arethusae
1027 690 1101 750 ad
1159 690 1478 772 Lycotam,
1525 690 1644 751 hoc
1687 707 1886 768 genus
1928 691 2271 751 carminum
2313 706 2434 750 su-

326 809 605 879 sceptum
652 817 793 861 esse
837 800 1066 861 dicant.
1122 800 1250 861 Etsi
1297 800 1460 860 enim
1507 800 1765 862 Ovidius
1809 819 1878 863 se
1912 801 2093 864 docet
2126 800 2434 879 Propertio

325 912 713 972 successisse
757 919 817 971 et
858 911 1023 973 illum
1081 891 1355 973 carmina
1410 912 1768 972 recitantem
1824 928 1993 990 saepe
2047 909 2318 973 audiisse
2343 907 2432 993 ⁶),

324 1022 438 1083 etsi
485 1021 670 1082 multa
726 1021 1018 1101 Propertii
1064 1021 1284 1082 similia
1330 1020 1390 1081 in
1436 1020 1710 1100 epistolis
1756 1021 2126 1104 invenimus,
2170 1027 2433 1082 attamen
2504 1048 2507 1053 ·

325 1150 526 1211 neque
568 1131 722 1193 satis
764 1139 857 1192 est
900 1148 1130 1204 causae,
1175 1149 1284 1193 cur
1328 1129 1511 1209 hujus
1554 1133 1797 1210 generis
1828 1132 2239 1194 inventionem
2275 1134 2437 1192 Pro-

326 1244 520 1323 pertio
575 1243 1043 1324 transferamus,
1102 1260 1304 1320 neque
1356 1242 1502 1304 illud
1560 1242 1884 1303 ”novavit”
1934 1243 2102 1303 aliter
2146 1240 2439 1320 explicari

324 1371 511 1434 posse
555 1354 702 1414 mihi
748 1354 1010 1438 videtur,
1066 1370 1250 1431 quam
1298 1355 1349 1415 si
1393 1371 1516 1415 non
1567 1352 1896 1437 ”invenit,”
1946 1360 2008 1415 at
2052 1361 2218 1415 certe
2263 1352 2437 1414 ”Ro-

325 1483 487 1527 mam
533 1465 830 1527 induxit&

488 1579 717 1637 Harum
782 1576 1179 1656 epistolarum
1243 1591 1433 1651 quum
1515 1591 1734 1635 novem
1801 1574 1937 1652 ipse
1999 1580 2442 1636 commemoret

326 1668 590 1749 Ovidius
606 1684 688 1768 ⁷),
736 1686 1086 1765 complures
1130 1691 1520 1767 putaverunt,
1566 1684 1830 1761 reliquas
1874 1686 1947 1746 A.
1984 1685 2211 1748 Sabino
2240 1684 2296 1761 ⁸)
2342 1685 2438 1746 vel

326 1799 544 1876 aequali
597 1797 775 1858 alicui
835 1812 976 1857 esse
1027 1795 1407 1857 tribuendas.
1509 1796 1623 1855 Alii
1676 1794 1966 1874 epistolas
2018 1796 2128 1857 XV
2193 1794 2436 1878 Ovidio,

325 1912 404 1971 VI
449 1909 679 1971 Sabino
749 1904 1274 1982 adjudicaverunt.
1385 1907 1519 1978 Qua
1575 1906 1654 1966 de
1715 1923 1803 1989 re,
1853 1924 2052 1983 ¹quum
2105 1905 2309 1966 adhuc
2365 1904 2438 1966 lis

326 2020 444 2080 sub
505 2017 715 2097 judice
781 2017 878 2099 sit,
937 2033 1051 2093 ego
1098 2014 1399 2094 judicium
1456 2017 1615 2078 ferre
1673 2034 1794 2078 non
1849 2016 2084 2077 audens
2139 2018 2197 2076 id
2257 2017 2438 2078 modo

328 2147 552 2208 negare
597 2128 803 2210 velim,
861 2127 1062 2187 adhuc
1105 2126 1360 2188 idoneas
1407 2142 1629 2187 causas
1674 2127 1886 2188 allatas
1930 2144 2093 2210 esse,
2141 2143 2251 2187 cur
2296 2127 2440 2205 epi-

327 2240 519 2322 stolae,
574 2239 652 2299 de
706 2238 933 2315 quibus
979 2237 1240 2320 agimuS,
1288 2245 1497 2298 essent
1540 2237 1959 2315 segregandae.
2050 2235 2438 2314 Responsio-

328 2368 440 2412 nes
492 2349 563 2412 A.
621 2348 857 2430 Sabini,
916 2364 1174 2425 quarum
1233 2347 1269 2407 l.
1329 2348 1366 2409 l.
1399 2346 1454 2426 ⁹)
1513 2348 1580 2410 fit
1635 2349 1883 2430 mentio,
1949 2347 2205 2426 periisse
2262 2345 2438 2408 arbi-

325 2470 575 2523 tramur.
636 2464 789 2534 Quae
823 2459 987 2522 enim
1020 2457 1390 2519 editionibus
1427 2458 1732 2520 nonnullis
1766 2460 2092 2521 Heroidum
2136 2455 2441 2535 adjunctae

327 2580 490 2653 sunt,
537 2588 630 2632 eoe
673 2572 792 2632 hoc
836 2571 1089 2650 Sabino,
1134 2569 1549 2630 eruditissimo
1594 2569 1864 2653 homine,
1912 2577 2056 2630 sunt
2098 2567 2383 2646 indignae.

492 2682 787 2742 Heroides
853 2681 1132 2742 exierunt
1195 2687 1335 2741 ante
1401 2680 1626 2742 editam
1690 2680 1897 2741 Artem
1968 2679 2325 2742 amatoriam
2359 2678 2437 2762 ¹),

329 2802 394 2852 ut
439 2791 730 2853 credibile
774 2800 866 2851 est
911 2790 1058 2853 circ.
1112 2805 1167 2849 a.
1214 2789 1417 2851 DCCL
1433 2789 1513 2866 ²).

409 2987 466 3046 2.
512 2980 825 3045 Amorum
869 2979 1058 3044 Libri
1096 2976 1239 3045 III.

492 3121 599 3182 His
643 3121 836 3201 libris,
884 3120 987 3197 qui
1031 3120 1090 3179 in
1140 3121 1371 3181 erotico
1418 3138 1644 3199 genere
1688 3122 1956 3184 habendi
2003 3130 2166 3195 sunt,
2210 3123 2438 3206 omnia,

327 3250 465 3310 quae
521 3229 598 3291 ad
657 3230 927 3291 militiam
984 3230 1303 3308 Cupidinis
1333 3229 1387 3307 ⁸)
1455 3232 1784 3315 pertinent,
1853 3234 2104 3311 copiose
2159 3242 2441 3294 enarrata

324 3340 620 3401 invenies,
689 3338 946 3400 Ovidius
992 3339 1179 3421 enim,
1227 3356 1417 3418 quum
1464 3340 1730 3419 primum
1778 3341 2007 3423 docuit,
2057 3359 2168 3402 cur
2213 3343 2439 3404 relictis

467 3564 520 3628 ⁵)
556 3565 665 3616 Art.
709 3565 824 3616 Am.
868 3563 950 3615 Ill:
998 3562 1117 3631 345,
1155 3562 1276 3616 346.
1405 3564 1453 3628 ⁶)
1492 3563 1523 3615 4
1560 3564 1712 3615 Trist.
1749 3565 1814 3616 X:
1853 3563 1937 3630 45,
1975 3564 2198 3616 54—254.
2325 3565 2372 3629 ¹)
2407 3569 2440 3619 2

323 3655 498 3705 Amor.
537 3649 713 3702 xvm:
751 3650 981 3701 24-26.
1100 3649 1154 3713 ⁸)
1192 3651 1269 3703 De
1306 3664 1413 3717 quo
1448 3652 1571 3703 vide
1608 3649 1639 3701 4
1678 3650 1776 3716 Ep.
1814 3648 1946 3700 XVI:
1984 3651 2208 3703 43-46,
2313 3650 2366 3716 ⁸)
2406 3654 2439 3703 2

319 3741 497 3792 Amor.
545 3735 718 3792 xvm:
766 3735 992 3788 27—34.
1120 3735 1167 3801 ¹)
1205 3739 1310 3788 Art.
1349 3737 1464 3788 Am.
1502 3737 1582 3789 111:
1629 3735 1749 3802 345,
1787 3734 1905 3788 346.
2025 3735 2082 3804 ²)
2115 3737 2219 3789 Cfr.
2254 3738 2440 3793 Baehr.

321 3823 640 3878 Geschichte
675 3821 770 3872 der
805 3821 952 3873 Ro‘m.
990 3821 1110 3874 Litt.
1147 3823 1168 3873 1
1205 3837 1326 3887 pag.
1364 3822 1486 3875 453.
1587 3823 1640 3887 ⁸)
1676 3823 1798 3889 Ipse
1835 3832 2071 3875 amorem
2107 3824 2303 3877 militiae
2337 3837 2440 3878 ve·-

318 3913 629 3966 nustissime
664 3912 939 3973 comparat
976 3913 997 3960 ⁴
1044 3914 1216 3963 Amor.
1255 3912 1340 3963 IX.
