2792 4409
1343 270 1428 330 >50

339 433 750 517 appellaverit.
830 431 1008 504 Quod
1055 430 1133 494 de
1177 432 1477 511 elegantia
1525 432 1837 494 scribendi
1885 448 2079 510 nuper
2122 431 2464 517 attulimuS‚

337 548 500 609 idem
547 547 675 607 fere
717 542 795 604 ad
838 542 1108 604 remedia
1156 543 1472 606 transferri
1518 551 1740 621 potest.
1820 543 1930 606 Rei
1974 543 2289 606 amatoriae
2331 561 2463 622 pe-

339 657 699 722 ritissimum
774 645 1165 730 mentemque
1241 654 1574 716 humanam
1652 653 1897 731 penitus
1962 661 2281 733 expertum
2362 654 2467 716 hic

341 767 522 828 etiam
566 780 708 828 sese
749 762 1029 841 praebuit.
1087 765 1328 836 Quanta
1372 763 1641 841 gravitas
1686 769 1746 824 et
1787 764 2014 825 veritas
2055 765 2117 826 in
2162 765 2260 827 his
2303 781 2467 825 sen·-

336 876 544 938 tentiis
586 874 774 938 inest:

504 988 708 1047 Manat
750 1000 922 1045 amor
964 988 1189 1066 tectus,
1234 982 1285 1044 si
1332 999 1460 1044 non
1501 982 1580 1044 ab
1625 990 1874 1046 amante
1912 982 2198 1065 recedas,

508 1096 837 1171 Turbaque
880 1094 940 1154 in
987 1093 1110 1155 hoc
1153 1109 1370 1154 omnes
1416 1092 1732 1171 ingeniosa
1781 1109 1999 1155 sumus
2030 1091 2107 1170 ¹).

509 1305 829 1376 Proximus
870 1330 904 1372 a
953 1310 1134 1374 tectis
1175 1311 1336 1390 ignis
1382 1311 1728 1375 defenditur
1770 1330 1959 1396 aegre,

502 1427 659 1490 Utile
699 1424 971 1486 finitimis
1014 1422 1393 1484 abstinuisse
1433 1423 1586 1484 locis
1611 1423 1696 1502 ²).

510 1649 645 1710 Non
688 1646 837 1708 satis
883 1652 977 1710 est
1020 1644 1219 1722 ipsam
1263 1644 1617 1706 deseruisse
1660 1644 1768 1706 tibi
1796 1643 1874 1722 ³).

510 1758 588 1818 Et
629 1772 803 1818 soror
846 1762 907 1815 et
950 1759 1146 1815 mater
1193 1753 1439 1816 valeant
1480 1760 1541 1815 et
1584 1753 1835 1816 conscia
1880 1754 2107 1835 nutrix,

509 1869 585 1930 Et
628 1866 920 1943 quidquid
967 1862 1234 1926 dominae
1281 1880 1432 1941 pars
1475 1863 1589 1923 erit
1630 1864 1751 1926 ulla
1792 1869 1938 1925 tuae.

508 2089 587 2148 Et
631 2085 833 2146 malim
879 2093 1112 2168 taceaS,
1156 2101 1341 2161 quam
1386 2091 1446 2144 te
1492 2083 1731 2144 desisse
1774 2084 2043 2159 loquaris
2065 2083 2157 2165 ⁴);

515 2197 633 2270 Qui
677 2196 934 2260 nimium
980 2194 1185 2256 multis
1229 2192 1393 2256 ”nen
1436 2194 1613 2256 amo²‘
1663 2193 1832 2277 dicit,
1879 2199 2063 2255 amat.

510 2416 863 2478 Desinimus
904 2414 1101 2495 tarde,
1146 2411 1291 2488 quia
1334 2428 1451 2476 nos
1495 2429 1822 2492 speramus
1867 2415 2056 2478 amari
2082 2411 2171 2495 ε’);

510 2526 670 2585 Dum
716 2524 833 2585 sibi
881 2522 1141 2599 quisque
1182 2520 1406 2605 placet,
1455 2524 1704 2585 credula
1745 2526 1925 2585 turba
1968 2542 2210 2587 sumus.

350 2627 593 2713 Scripta
638 2633 930 2720 Remedia
976 2631 1259 2692 videntur
1302 2632 1483 2709 paulo
1528 2639 1670 2710 post
1710 2632 1919 2694 Artem
1948 2634 2029 2714 ⁶).

429 2746 486 2807 3.
577 2743 657 2806 M
660 2741 999 2807 edicamina
1025 2737 1242 2825 faciei.

510 2856 576 2916 In
619 2855 738 2916 hoc
785 2853 1080 2935 carmine,
1127 2847 1304 2926 cujus
1349 2851 1692 2929 fragmenta
1736 2853 1920 2914 modo
1965 2860 2223 2934 exstant,
2265 2850 2462 2929 puel-

343 2961 435 3023 las
487 2962 784 3045 hortatur,
841 2971 909 3023 ut
952 2964 1214 3024 formam
1266 2961 1434 3021 cultu
1489 2961 2044 3025 commendabilem
2089 2962 2350 3025 reddant
2375 2960 2465 3046 ⁷),

343 3077 527 3148 atque
580 3081 896 3134 enumerat
950 3071 1377 3138 medicamina,
1419 3068 1597 3130 faciei
1651 3068 1939 3135 illinenda
1966 3073 2047 3153 ⁸).
2147 3077 2289 3152 Ipse
2340 3073 2468 3134 hoc

342 3181 710 3257 opusculum
755 3182 919 3242 haud
964 3163 1139 3259 parv'i
1183 3179 1549 3261 aestimabat,
1596 3178 1744 3239 dixit
1787 3183 1951 3243 enim
1994 3184 2055 3245 in
2100 3184 2279 3248 Arte:

507 3292 618 3352 Est
661 3292 830 3373 mibi,
877 3308 998 3368 quo
1043 3288 1169 3351 dixi
1212 3294 1440 3350 vestrae
1483 3290 1894 3354 medicamina
1938 3296 2175 3377 formae,

507 3401 767 3483 Parvu5‚
813 3402 923 3461 sed
969 3418 1116 3485 cura
1163 3399 1396 3478 grande
1439 3399 1678 3460 libellus
1722 3418 1881 3479 opus
1908 3401 1986 3480 ⁹).

428 3551 483 3610 4.
573 3544 988 3612 Halieuticon.

513 3655 844 3717 Mutilatum
905 3668 965 3719 et
1021 3666 1379 3736 corruptum
1435 3660 1555 3722 hoc
1613 3677 1860 3721 carmen
1918 3663 1979 3724 id
2036 3664 2180 3746 agit²
2225 3670 2292 3724 ut
2339 3680 2467 3724 na-

488 3791 537 3856 Ι)
579 3806 628 3841 v.
671 3792 791 3855 6⁴9,
829 3795 947 3845 620.
1055 3793 1109 3858 ²)
1142 3809 1192 3846 v.
1238 3796 1358 3860 625,
1396 3797 1519 3846 626.
1617 3794 1664 3858 ⁸)
1703 3809 1753 3860 v,
1791 3796 2087 3848 cae-eas.
2178 3796 2229 3859 ⁴)
2266 3810 2319 3846 v.
2342 3795 2466 3861 647,

343 3874 463 3927 648.
592 3874 647 3936 ⁵)
684 3888 733 3923 v.
781 3877 898 3942 685,
944 3880 1064 3929 686.
1191 3877 1247 3942 ⁶)
1283 3893 1336 3930 v.
1373 3881 1421 3931 4.
1547 3880 1598 3945 ⁷)
1637 3894 1689 3931 v.
1726 3881 1749 3929 4
1809 3893 1932 3946 sqq.
2058 3881 2108 3946 ⁰)
2146 3896 2198 3934 v.
2234 3883 2304 3932 52
2346 3894 2473 3947 sqq.

254 4033 257 4034 ⁷
343 3958 392 4020 ⁹)
428 3959 535 4010 Art.
572 3958 689 4009 Am.
724 3959 802 4009 111:
842 3963 967 4029 205,
1001 3965 1123 4014 206.
1923 3978 1928 3984 ·
